
  
  
  
  
  
  
  
  
  
  
  
 
  
  <record xsi:schemaLocation="http://www.loc.gov/MARC21/slim http://www.loc.gov/standards/marcxml/schema/MARC21slim.xsd">
      <leader>00000cam a2200481Ia 4500</leader>
      <controlfield tag="FMT">BK</controlfield>
      <controlfield tag="LDR">00000cam a2200481Ia 4500</controlfield>
      <controlfield tag="001">005985798</controlfield>
      <controlfield tag="003">OCoLC</controlfield>
      <controlfield tag="005">20180409152347.0</controlfield>
      <controlfield tag="008">051013s2000    gw ab    b    001 0 fre d</controlfield>
      <datafield tag="020" ind1=" " ind2=" ">
         <subfield code="a">3829004966</subfield>
      </datafield>
      <datafield tag="020" ind1=" " ind2=" ">
         <subfield code="a">9783829004961</subfield>
      </datafield>
      <datafield tag="035" ind1=" " ind2=" ">
         <subfield code="a">(OCoLC)63766028</subfield>
      </datafield>
      <datafield tag="040" ind1=" " ind2=" ">
         <subfield code="a">CM3</subfield>
         <subfield code="b">eng</subfield>
         <subfield code="c">CM3</subfield>
         <subfield code="d">OCLCQ</subfield>
         <subfield code="d">LENOT</subfield>
         <subfield code="d">ZYU</subfield>
         <subfield code="d">OCLCO</subfield>
         <subfield code="d">OCLCF</subfield>
         <subfield code="d">ZYU</subfield>
      </datafield>
      <datafield tag="041" ind1="1" ind2=" ">
         <subfield code="a">fre</subfield>
         <subfield code="h">ger</subfield>
      </datafield>
      <datafield tag="043" ind1=" " ind2=" ">
         <subfield code="a">aw-----</subfield>
      </datafield>
      <datafield tag="050" ind1=" " ind2="4">
         <subfield code="a">DS62</subfield>
         <subfield code="b">.L48214 2000</subfield>
      </datafield>
      <datafield tag="079" ind1=" " ind2=" ">
         <subfield code="a">(OCoLC)63766028</subfield>
      </datafield>
      <datafield tag="082" ind1="0" ind2="4">
         <subfield code="a">939.4</subfield>
         <subfield code="2">22</subfield>
      </datafield>
      <datafield tag="130" ind1="0" ind2=" ">
         <subfield code="a">Colección Levante.</subfield>
         <subfield code="l">French.</subfield>
      </datafield>
      <datafield tag="245" ind1="1" ind2="3">
         <subfield code="a">Le Levant :</subfield>
         <subfield code="b">histoire et archéologie du Proche-Orient /</subfield>
         <subfield code="c">sous la direction de Olivier Binst ; photographies, Robert Polidori ; auteurs, Pierre-Louis Gatier [and others].</subfield>
      </datafield>
      <datafield tag="246" ind1="3" ind2="0">
         <subfield code="a">Histoire et archéologie du Proche-Orient</subfield>
      </datafield>
      <datafield tag="260" ind1=" " ind2=" ">
         <subfield code="a">Cologne :</subfield>
         <subfield code="b">Konemann,</subfield>
         <subfield code="c">©2000.</subfield>
      </datafield>
      <datafield tag="300" ind1=" " ind2=" ">
         <subfield code="a">319 pages :</subfield>
         <subfield code="b">color illustrations, color maps ;</subfield>
         <subfield code="c">33 cm</subfield>
      </datafield>
      <datafield tag="336" ind1=" " ind2=" ">
         <subfield code="a">text</subfield>
         <subfield code="b">txt</subfield>
         <subfield code="2">rdacontent</subfield>
      </datafield>
      <datafield tag="337" ind1=" " ind2=" ">
         <subfield code="a">unmediated</subfield>
         <subfield code="b">n</subfield>
         <subfield code="2">rdamedia</subfield>
      </datafield>
      <datafield tag="338" ind1=" " ind2=" ">
         <subfield code="a">volume</subfield>
         <subfield code="b">nc</subfield>
         <subfield code="2">rdacarrier</subfield>
      </datafield>
      <datafield tag="500" ind1=" " ind2=" ">
         <subfield code="a">ISAW copy is from the library of Nina Garsoïan.</subfield>
         <subfield code="5">NyNyUAW</subfield>
      </datafield>
      <datafield tag="546" ind1=" " ind2=" ">
         <subfield code="a">French translation of German.</subfield>
      </datafield>
      <datafield tag="504" ind1=" " ind2=" ">
         <subfield code="a">Includes bibliographical references and index.</subfield>
      </datafield>
      <datafield tag="520" ind1=" " ind2=" ">
         <subfield code="a">Le Levant désigne la région cotière de la Méditerranée orientale entre la Syrie, au nord, et l'Egypte, au sud, et fut dès l'origine de la civilisation le lieu de rencontre de nombreux peuples et cultures. Le présent ouvrage retrace 4 000 ans d'histoire dans les pays du Levant, de l'âge du bronze au Moyen Age. Une équipe d'archéologues français plonge le lecteur dans le passé de l'humanité aux confins de l'Orient et de l'Occident et lui fait découvrir les vestiges des premières cités à l'âge du bronze, les traces de la conquête de la Méditerranée par les Phéniciens, celles de la fusion des cultures à l'époque gréco-romaine, les monuments du royaume de Nabatène et de la capitale mythique, Pétra, les témoignages de l'âge d'or du christianisme oriental et enfin, les traces de la conquête islamique et des luttes de pouvoir au temps des croisades. Le photographe Robert Polidori a photographié les vestiges laissés par chacune de ces époques. Ses images nous permettent de saisir l'importance historique et culturelle des civilisations qui ont laissé leur empreinte au Levant. Un tableau chronologique situant les périodes de l'histoire du Levant dans le contexte des grandes civilisations, un glossaire, une bibliographie, ainsi qu'un index détaillé font de ce livre un ouvrage de référence destiné aux spécialistes, aux lecteurs avisés et aux voyageurs.</subfield>
      </datafield>
      <datafield tag="505" ind1="0" ind2="0">
         <subfield code="t">L'âge du bronze, 3100-1200 av. J.-C. /</subfield>
         <subfield code="r">Philippe Marquis --</subfield>
         <subfield code="t">Les Phéniciens, 1200-330 av. J.-C. /</subfield>
         <subfield code="r">Eric Gubel --</subfield>
         <subfield code="t">L'époque gréco-romaine, 323 av. J.-C.-337 apr. J.-C. /</subfield>
         <subfield code="r">Jean-Baptiste Yon --</subfield>
         <subfield code="t">Les Nabatéens, 312 av. J.-C.-106 apr. J.-C. /</subfield>
         <subfield code="r">Laïla Nehmé --</subfield>
         <subfield code="t">Le Proche-Orient protobyzantin, IVe-VIIe siècle apr. J.-C. /</subfield>
         <subfield code="r">Pierre-Louis Gatier --</subfield>
         <subfield code="t">L'islam et les croisades, 321-1291 apr. J.-C. /</subfield>
         <subfield code="r">Marie-Odile Rousset.</subfield>
      </datafield>
      <datafield tag="651" ind1=" " ind2="0">
         <subfield code="a">Middle East</subfield>
         <subfield code="x">History.</subfield>
      </datafield>
      <datafield tag="651" ind1=" " ind2="0">
         <subfield code="a">Middle East</subfield>
         <subfield code="x">Antiquities.</subfield>
      </datafield>
      <datafield tag="651" ind1=" " ind2="6">
         <subfield code="a">Moyen-Orient</subfield>
         <subfield code="x">Histoire.</subfield>
      </datafield>
      <datafield tag="651" ind1=" " ind2="6">
         <subfield code="a">Moyen-Orient</subfield>
         <subfield code="x">Antiquités.</subfield>
      </datafield>
      <datafield tag="651" ind1=" " ind2="4">
         <subfield code="a">Middle East</subfield>
         <subfield code="x">History.</subfield>
      </datafield>
      <datafield tag="651" ind1=" " ind2="4">
         <subfield code="a">Middle East</subfield>
         <subfield code="x">Antiquities.</subfield>
      </datafield>
      <datafield tag="650" ind1=" " ind2="7">
         <subfield code="a">Antiquities.</subfield>
         <subfield code="2">fast</subfield>
         <subfield code="0">(OCoLC)fst00810745</subfield>
      </datafield>
      <datafield tag="651" ind1=" " ind2="7">
         <subfield code="a">Middle East.</subfield>
         <subfield code="2">fast</subfield>
         <subfield code="0">(OCoLC)fst01241586</subfield>
      </datafield>
      <datafield tag="655" ind1=" " ind2="7">
         <subfield code="a">History.</subfield>
         <subfield code="2">fast</subfield>
         <subfield code="0">(OCoLC)fst01411628</subfield>
      </datafield>
      <datafield tag="700" ind1="1" ind2=" ">
         <subfield code="a">Garsoïan, Nina G.,</subfield>
         <subfield code="d">1923-</subfield>
         <subfield code="e">former owner.</subfield>
         <subfield code="5">NyNyUAW</subfield>
      </datafield>
      <datafield tag="740" ind1="0" ind2=" ">
         <subfield code="a">Garsoïan Collection.</subfield>
         <subfield code="5">NyNyUAW</subfield>
      </datafield>
      <datafield tag="700" ind1="1" ind2=" ">
         <subfield code="a">Binst, Olivier.</subfield>
      </datafield>
      <datafield tag="700" ind1="1" ind2=" ">
         <subfield code="a">Gatier, Pierre-Louis.</subfield>
      </datafield>
      <datafield tag="700" ind1="1" ind2=" ">
         <subfield code="a">Polidori, Robert.</subfield>
      </datafield>
      <datafield tag="OWN" ind1=" " ind2=" ">
         <subfield code="a">GENERAL</subfield>
      </datafield>
      <datafield tag="AVA" ind1=" " ind2=" ">
         <subfield code="a">NYU50</subfield>
         <subfield code="b">NISAW</subfield>
         <subfield code="c">Oversize Collection</subfield>
         <subfield code="d">DS62 .L4814 2000 Non-circulating</subfield>
         <subfield code="e">available</subfield>
         <subfield code="t">Available</subfield>
         <subfield code="f">1</subfield>
         <subfield code="g">0</subfield>
         <subfield code="h">N</subfield>
         <subfield code="i">0</subfield>
         <subfield code="j">OVERZ</subfield>
         <subfield code="k">0</subfield>
      </datafield>
      <marc:datafield tag="852" ind1=" " ind2=" ">
         <marc:subfield code="b">Institute for the Study of the Ancient World, </marc:subfield>
         <marc:subfield code="c">Oversize Collection</marc:subfield>
         <marc:subfield code="e">15 East 84th St., </marc:subfield>
         <marc:subfield code="e">New York, NY  10028</marc:subfield>
      </marc:datafield>
   </record>