
  
  
  
  
  
  
  
  
  
  
  
 
  
  <record xsi:schemaLocation="http://www.loc.gov/MARC21/slim http://www.loc.gov/standards/marcxml/schema/MARC21slim.xsd">
      <leader>00000cam a2200601Ia 4500</leader>
      <controlfield tag="FMT">BK</controlfield>
      <controlfield tag="LDR">00000cam a2200601Ia 4500</controlfield>
      <controlfield tag="001">005985754</controlfield>
      <controlfield tag="003">OCoLC</controlfield>
      <controlfield tag="005">20180409151927.0</controlfield>
      <controlfield tag="008">990408s1997    gw abe   b    001 0 fre d</controlfield>
      <datafield tag="020" ind1=" " ind2=" ">
         <subfield code="a">3895084484</subfield>
      </datafield>
      <datafield tag="020" ind1=" " ind2=" ">
         <subfield code="a">9783895084485</subfield>
      </datafield>
      <datafield tag="035" ind1=" " ind2=" ">
         <subfield code="a">(OCoLC)313822129</subfield>
      </datafield>
      <datafield tag="040" ind1=" " ind2=" ">
         <subfield code="a">CStRLIN</subfield>
         <subfield code="b">eng</subfield>
         <subfield code="c">CNCCA</subfield>
         <subfield code="d">OCLCF</subfield>
         <subfield code="d">OCLCO</subfield>
         <subfield code="d">OCLCQ</subfield>
         <subfield code="d">OCL</subfield>
         <subfield code="d">ZYU</subfield>
      </datafield>
      <datafield tag="041" ind1="1" ind2=" ">
         <subfield code="a">fre</subfield>
         <subfield code="h">ger</subfield>
      </datafield>
      <datafield tag="043" ind1=" " ind2=" ">
         <subfield code="a">e------</subfield>
      </datafield>
      <datafield tag="050" ind1=" " ind2="4">
         <subfield code="a">N628</subfield>
         <subfield code="b">.K7814 1997</subfield>
      </datafield>
      <datafield tag="079" ind1=" " ind2=" ">
         <subfield code="a">(OCoLC)313822129</subfield>
      </datafield>
      <datafield tag="130" ind1="0" ind2=" ">
         <subfield code="a">Kunst der Romanik.</subfield>
         <subfield code="l">French.</subfield>
      </datafield>
      <datafield tag="245" ind1="1" ind2="2">
         <subfield code="a">L'art roman :</subfield>
         <subfield code="b">architecture, sculpture, peinture /</subfield>
         <subfield code="c">direction d'ouvrage par Rolf Toman ; photographies de Achim Bednorz.</subfield>
      </datafield>
      <datafield tag="250" ind1=" " ind2=" ">
         <subfield code="a">Éd. française.</subfield>
      </datafield>
      <datafield tag="260" ind1=" " ind2=" ">
         <subfield code="a">Cologne :</subfield>
         <subfield code="b">Könemann,</subfield>
         <subfield code="c">©1997.</subfield>
      </datafield>
      <datafield tag="300" ind1=" " ind2=" ">
         <subfield code="a">481 pages :</subfield>
         <subfield code="b">illustrations (some color), map, plans ;</subfield>
         <subfield code="c">33 cm</subfield>
      </datafield>
      <datafield tag="336" ind1=" " ind2=" ">
         <subfield code="a">text</subfield>
         <subfield code="b">txt</subfield>
         <subfield code="2">rdacontent</subfield>
      </datafield>
      <datafield tag="337" ind1=" " ind2=" ">
         <subfield code="a">unmediated</subfield>
         <subfield code="b">n</subfield>
         <subfield code="2">rdamedia</subfield>
      </datafield>
      <datafield tag="338" ind1=" " ind2=" ">
         <subfield code="a">volume</subfield>
         <subfield code="b">nc</subfield>
         <subfield code="2">rdacarrier</subfield>
      </datafield>
      <datafield tag="500" ind1=" " ind2=" ">
         <subfield code="a">ISAW copy is from the library of Nina Garsoïan.</subfield>
         <subfield code="5">NyNyUAW</subfield>
      </datafield>
      <datafield tag="504" ind1=" " ind2=" ">
         <subfield code="a">Includes bibliographical references (pages 470-475) and indexes.</subfield>
      </datafield>
      <datafield tag="505" ind1="0" ind2="0">
         <subfield code="t">Introduction /</subfield>
         <subfield code="r">Rolf Toman --</subfield>
         <subfield code="t">Petit précis d'art roman sacré /</subfield>
         <subfield code="r">Ehrenfried Kluckert --</subfield>
         <subfield code="t">L'architecture romane en Allemagne /</subfield>
         <subfield code="r">Wolfgang Kaiser --</subfield>
         <subfield code="t">L'architecture romane en Italie ;</subfield>
         <subfield code="t">Le monastère, image de la Jérusalem céleste /</subfield>
         <subfield code="r">Alick McLean --</subfield>
         <subfield code="t">L'architecture romane en France /</subfield>
         <subfield code="r">Bernhard und Ulrike Laule --</subfield>
         <subfield code="t">L'architecture romane en Espagne et au Portugal /</subfield>
         <subfield code="r">Bruno Klein --</subfield>
         <subfield code="t">L'architecture romane en Grande-Bretagne ;</subfield>
         <subfield code="t">L'art roman en Scandinavie ;</subfield>
         <subfield code="t">L'architecture romane en Europe centrale /</subfield>
         <subfield code="r">Heinfried Wischermann --</subfield>
         <subfield code="t">Sculpture romane /</subfield>
         <subfield code="r">Uwe Geese --</subfield>
         <subfield code="t">Le portail d'église au Moyen Âge et sa signification juridique historique /</subfield>
         <subfield code="r">Barbara Deimling --</subfield>
         <subfield code="t">Technique de l'artisanat d'art ;</subfield>
         <subfield code="t">Le peinture romane /</subfield>
         <subfield code="r">Ehrenfried Kluckert.</subfield>
      </datafield>
      <datafield tag="650" ind1=" " ind2="0">
         <subfield code="a">Architecture, Romanesque</subfield>
         <subfield code="z">Europe.</subfield>
      </datafield>
      <datafield tag="650" ind1=" " ind2="0">
         <subfield code="a">Sculpture, Romanesque</subfield>
         <subfield code="z">Europe.</subfield>
      </datafield>
      <datafield tag="650" ind1=" " ind2="0">
         <subfield code="a">Painting, Romanesque</subfield>
         <subfield code="z">Europe.</subfield>
      </datafield>
      <datafield tag="650" ind1=" " ind2="0">
         <subfield code="a">Church architecture</subfield>
         <subfield code="z">Europe.</subfield>
      </datafield>
      <datafield tag="650" ind1=" " ind2="0">
         <subfield code="a">Church decoration and ornament</subfield>
         <subfield code="z">Europe.</subfield>
      </datafield>
      <datafield tag="650" ind1=" " ind2="0">
         <subfield code="a">Christian art and symbolism</subfield>
         <subfield code="z">Europe</subfield>
         <subfield code="y">Medieval, 500-1500.</subfield>
      </datafield>
      <datafield tag="650" ind1=" " ind2="0">
         <subfield code="a">Art, Romanesque</subfield>
         <subfield code="z">Europe.</subfield>
      </datafield>
      <datafield tag="650" ind1=" " ind2="7">
         <subfield code="a">Architecture, Romanesque.</subfield>
         <subfield code="2">fast</subfield>
         <subfield code="0">(OCoLC)fst00813938</subfield>
      </datafield>
      <datafield tag="650" ind1=" " ind2="7">
         <subfield code="a">Art, Romanesque.</subfield>
         <subfield code="2">fast</subfield>
         <subfield code="0">(OCoLC)fst00816818</subfield>
      </datafield>
      <datafield tag="650" ind1=" " ind2="7">
         <subfield code="a">Christian art and symbolism</subfield>
         <subfield code="x">Medieval.</subfield>
         <subfield code="2">fast</subfield>
         <subfield code="0">(OCoLC)fst01710939</subfield>
      </datafield>
      <datafield tag="650" ind1=" " ind2="7">
         <subfield code="a">Church architecture.</subfield>
         <subfield code="2">fast</subfield>
         <subfield code="0">(OCoLC)fst00860550</subfield>
      </datafield>
      <datafield tag="650" ind1=" " ind2="7">
         <subfield code="a">Church decoration and ornament.</subfield>
         <subfield code="2">fast</subfield>
         <subfield code="0">(OCoLC)fst00860667</subfield>
      </datafield>
      <datafield tag="650" ind1=" " ind2="7">
         <subfield code="a">Painting, Romanesque.</subfield>
         <subfield code="2">fast</subfield>
         <subfield code="0">(OCoLC)fst01051068</subfield>
      </datafield>
      <datafield tag="650" ind1=" " ind2="7">
         <subfield code="a">Sculpture, Romanesque.</subfield>
         <subfield code="2">fast</subfield>
         <subfield code="0">(OCoLC)fst01109847</subfield>
      </datafield>
      <datafield tag="651" ind1=" " ind2="7">
         <subfield code="a">Europe.</subfield>
         <subfield code="2">fast</subfield>
         <subfield code="0">(OCoLC)fst01245064</subfield>
      </datafield>
      <datafield tag="648" ind1=" " ind2="7">
         <subfield code="a">500-1500.</subfield>
         <subfield code="2">fast</subfield>
      </datafield>
      <datafield tag="654" ind1="2" ind2=" ">
         <subfield code="c">f</subfield>
         <subfield code="b">Romanesque</subfield>
         <subfield code="c">p</subfield>
         <subfield code="a">Architecture (object genre)</subfield>
         <subfield code="c">z</subfield>
         <subfield code="b">Europe.</subfield>
         <subfield code="2">aat</subfield>
      </datafield>
      <datafield tag="654" ind1="2" ind2=" ">
         <subfield code="c">f</subfield>
         <subfield code="b">Romanesque</subfield>
         <subfield code="c">k</subfield>
         <subfield code="a">Painting (image-making)</subfield>
         <subfield code="c">z</subfield>
         <subfield code="b">Europe.</subfield>
         <subfield code="2">aat</subfield>
      </datafield>
      <datafield tag="654" ind1="2" ind2=" ">
         <subfield code="c">f</subfield>
         <subfield code="b">Romanesque</subfield>
         <subfield code="c">v</subfield>
         <subfield code="a">Sculpture</subfield>
         <subfield code="c">z</subfield>
         <subfield code="b">Europe.</subfield>
         <subfield code="2">aat</subfield>
      </datafield>
      <datafield tag="654" ind1="2" ind2=" ">
         <subfield code="c">f</subfield>
         <subfield code="b">Romanesque</subfield>
         <subfield code="c">k</subfield>
         <subfield code="a">Art</subfield>
         <subfield code="c">z</subfield>
         <subfield code="b">Europe.</subfield>
         <subfield code="2">aat</subfield>
      </datafield>
      <datafield tag="654" ind1="2" ind2=" ">
         <subfield code="c">f</subfield>
         <subfield code="b">Romanesque</subfield>
         <subfield code="c">r</subfield>
         <subfield code="a">Churches</subfield>
         <subfield code="c">z</subfield>
         <subfield code="b">Europe.</subfield>
         <subfield code="2">aat</subfield>
      </datafield>
      <datafield tag="654" ind1="2" ind2=" ">
         <subfield code="c">f</subfield>
         <subfield code="b">Romanesque</subfield>
         <subfield code="c">r</subfield>
         <subfield code="b">church</subfield>
         <subfield code="c">k</subfield>
         <subfield code="a">Decoration (process)</subfield>
         <subfield code="c">z</subfield>
         <subfield code="b">Europe.</subfield>
         <subfield code="2">aat</subfield>
      </datafield>
      <datafield tag="654" ind1="2" ind2=" ">
         <subfield code="c">b</subfield>
         <subfield code="b">Christian</subfield>
         <subfield code="c">k</subfield>
         <subfield code="a">Art</subfield>
         <subfield code="c">z</subfield>
         <subfield code="b">Europe.</subfield>
         <subfield code="2">aat</subfield>
      </datafield>
      <datafield tag="700" ind1="1" ind2=" ">
         <subfield code="a">Garsoïan, Nina G.,</subfield>
         <subfield code="d">1923-</subfield>
         <subfield code="e">former owner.</subfield>
         <subfield code="5">NyNyUAW</subfield>
      </datafield>
      <datafield tag="740" ind1="0" ind2=" ">
         <subfield code="a">Garsoïan Collection.</subfield>
         <subfield code="5">NyNyUAW</subfield>
      </datafield>
      <datafield tag="700" ind1="1" ind2=" ">
         <subfield code="a">Toman, Rolf.</subfield>
      </datafield>
      <datafield tag="700" ind1="1" ind2=" ">
         <subfield code="a">Bednorz, Achim,</subfield>
         <subfield code="d">1947-</subfield>
      </datafield>
      <datafield tag="OWN" ind1=" " ind2=" ">
         <subfield code="a">GENERAL</subfield>
      </datafield>
      <datafield tag="AVA" ind1=" " ind2=" ">
         <subfield code="a">NYU50</subfield>
         <subfield code="b">NISAW</subfield>
         <subfield code="c">Oversize Collection</subfield>
         <subfield code="d">N628 .K7814 1997 Non-circulating</subfield>
         <subfield code="e">available</subfield>
         <subfield code="t">Available</subfield>
         <subfield code="f">1</subfield>
         <subfield code="g">0</subfield>
         <subfield code="h">N</subfield>
         <subfield code="i">0</subfield>
         <subfield code="j">OVERZ</subfield>
         <subfield code="k">0</subfield>
      </datafield>
      <marc:datafield tag="852" ind1=" " ind2=" ">
         <marc:subfield code="b">Institute for the Study of the Ancient World, </marc:subfield>
         <marc:subfield code="c">Oversize Collection</marc:subfield>
         <marc:subfield code="e">15 East 84th St., </marc:subfield>
         <marc:subfield code="e">New York, NY  10028</marc:subfield>
      </marc:datafield>
   </record>