
  
  
  
  
  
  
  
  
  
  
  
  
  
 
  
  <record xsi:schemaLocation="http://www.loc.gov/MARC21/slim http://www.loc.gov/standards/marcxml/schema/MARC21slim.xsd">
      <leader>00000cam a22     Ia 4500</leader>
      <controlfield tag="FMT">BK</controlfield>
      <controlfield tag="LDR">00000cam a22     Ia 4500</controlfield>
      <controlfield tag="001">005986075</controlfield>
      <controlfield tag="005">20180209043821.0</controlfield>
      <controlfield tag="008">180205s1998    cc ab         000 0 chi d</controlfield>
      <datafield tag="010" ind1=" " ind2=" ">
         <subfield code="a">2004379159</subfield>
      </datafield>
      <datafield tag="020" ind1=" " ind2=" ">
         <subfield code="a">9627571172</subfield>
      </datafield>
      <datafield tag="020" ind1=" " ind2=" ">
         <subfield code="a">9789627571179</subfield>
      </datafield>
      <datafield tag="035" ind1=" " ind2=" ">
         <subfield code="a">(OCoLC)44120509</subfield>
         <subfield code="z">(OCoLC)45600299</subfield>
      </datafield>
      <datafield tag="040" ind1=" " ind2=" ">
         <subfield code="a">SNN</subfield>
         <subfield code="b">eng</subfield>
         <subfield code="c">SNN</subfield>
         <subfield code="d">SM7</subfield>
         <subfield code="d">DLC</subfield>
         <subfield code="d">VA@</subfield>
         <subfield code="d">OCLCG</subfield>
         <subfield code="d">OCLCQ</subfield>
         <subfield code="d">OCLCA</subfield>
         <subfield code="d">CALIS</subfield>
         <subfield code="d">HUA</subfield>
         <subfield code="d">OCLCF</subfield>
         <subfield code="d">OCLCA</subfield>
         <subfield code="d">OCLCQ</subfield>
         <subfield code="d">OCL</subfield>
         <subfield code="d">OCLCA</subfield>
         <subfield code="d">ZYU</subfield>
      </datafield>
      <datafield tag="043" ind1=" " ind2=" ">
         <subfield code="a">a-cc-ss</subfield>
      </datafield>
      <datafield tag="050" ind1="0" ind2="0">
         <subfield code="a">BQ5125.M3</subfield>
         <subfield code="b">W8 1998</subfield>
      </datafield>
      <datafield tag="050" ind1=" " ind2="4">
         <subfield code="a">NK1676</subfield>
         <subfield code="b">.W84 1998</subfield>
      </datafield>
      <datafield tag="079" ind1=" " ind2=" ">
         <subfield code="a">(OCoLC)44120509</subfield>
      </datafield>
      <datafield tag="082" ind1=" " ind2="4">
         <subfield code="a">745.0882943</subfield>
      </datafield>
      <datafield tag="100" ind1="1" ind2=" ">
         <subfield code="6">880-01</subfield>
         <subfield code="a">Wu, Limin,</subfield>
         <subfield code="d">1927-2009.</subfield>
      </datafield>
      <datafield tag="245" ind1="1" ind2="0">
         <subfield code="6">880-02</subfield>
         <subfield code="a">Fa men si di gong Tang mi Man tu luo zhi yan jiu /</subfield>
         <subfield code="c">zhu zhe Wu Limin, Han Jinke ; [bian ji Zhongguo fo jiao wen hua yan jiu suo, Fa men si bo wu guan, Fo jiao zhi lian jing yuan wen hua bu].</subfield>
      </datafield>
      <datafield tag="250" ind1=" " ind2=" ">
         <subfield code="6">880-03</subfield>
         <subfield code="a">Chu ban.</subfield>
      </datafield>
      <datafield tag="260" ind1=" " ind2=" ">
         <subfield code="6">880-04</subfield>
         <subfield code="a">Xianggang :</subfield>
         <subfield code="b">Zhongguo fo jiao wen hua chu ban you xian gong si,</subfield>
         <subfield code="c">1998.</subfield>
      </datafield>
      <datafield tag="300" ind1=" " ind2=" ">
         <subfield code="a">511 pages :</subfield>
         <subfield code="b">color illustrations, maps ;</subfield>
         <subfield code="c">28 cm</subfield>
      </datafield>
      <datafield tag="336" ind1=" " ind2=" ">
         <subfield code="a">text</subfield>
         <subfield code="b">txt</subfield>
         <subfield code="2">rdacontent</subfield>
      </datafield>
      <datafield tag="337" ind1=" " ind2=" ">
         <subfield code="a">unmediated</subfield>
         <subfield code="b">n</subfield>
         <subfield code="2">rdamedia</subfield>
      </datafield>
      <datafield tag="338" ind1=" " ind2=" ">
         <subfield code="a">volume</subfield>
         <subfield code="b">nc</subfield>
         <subfield code="2">rdacarrier</subfield>
      </datafield>
      <datafield tag="500" ind1=" " ind2=" ">
         <subfield code="a">ISAW copy is from the library of Susan L. Beningson.</subfield>
         <subfield code="5">NyNyUAW</subfield>
      </datafield>
      <datafield tag="520" ind1=" " ind2=" ">
         <subfield code="a">Ben shu xiang jin jie shao gong feng fo zhi she li de fa men si di gong zhi she ji ben mo ji yin you. zheng ge di gong she ji shi an zhao tang dai huang shi suo zun chong de mi zong biao fa, xiu chi, guan xiang de man cha luo de tu yang li ti hua lai gui hua. zuo zhe jing guo xiang xi kao cha hou, ba zheng ge di gong nei zhi mei yi xi zhi bu ju, pei he ge zhong man cha luo de nei han yi nian, fo fa ao yi, yi yi yan yi chu lai.</subfield>
      </datafield>
      <datafield tag="610" ind1="2" ind2="0">
         <subfield code="6">880-05</subfield>
         <subfield code="a">Fa men si (Fufeng Xian, China)</subfield>
      </datafield>
      <datafield tag="650" ind1=" " ind2="0">
         <subfield code="a">Mandala (Buddhism)</subfield>
      </datafield>
      <datafield tag="650" ind1=" " ind2="0">
         <subfield code="6">880-06</subfield>
         <subfield code="a">Buddhist decorative arts</subfield>
         <subfield code="z">China</subfield>
         <subfield code="z">Shaanxi Sheng.</subfield>
      </datafield>
      <datafield tag="650" ind1=" " ind2="0">
         <subfield code="a">Decorative arts</subfield>
         <subfield code="z">China</subfield>
         <subfield code="x">History</subfield>
         <subfield code="y">Tang-Five dynasties, 618-960.</subfield>
      </datafield>
      <datafield tag="650" ind1=" " ind2="0">
         <subfield code="6">880-07</subfield>
         <subfield code="a">Buddhist antiquities</subfield>
         <subfield code="z">China</subfield>
         <subfield code="z">Shaanxi Sheng.</subfield>
      </datafield>
      <datafield tag="650" ind1=" " ind2="0">
         <subfield code="a">Mandala in art.</subfield>
      </datafield>
      <datafield tag="651" ind1=" " ind2="7">
         <subfield code="a">Fa men si</subfield>
         <subfield code="x">Zong jiao jian zhu</subfield>
         <subfield code="x">Yan jiu.</subfield>
         <subfield code="2">cct</subfield>
      </datafield>
      <datafield tag="610" ind1="2" ind2="7">
         <subfield code="a">Fa men si (Fufeng Xian, China)</subfield>
         <subfield code="2">fast</subfield>
         <subfield code="0">(OCoLC)fst00662338</subfield>
      </datafield>
      <datafield tag="650" ind1=" " ind2="7">
         <subfield code="a">Buddhist antiquities.</subfield>
         <subfield code="2">fast</subfield>
         <subfield code="0">(OCoLC)fst00840126</subfield>
      </datafield>
      <datafield tag="650" ind1=" " ind2="7">
         <subfield code="a">Buddhist decorative arts.</subfield>
         <subfield code="2">fast</subfield>
         <subfield code="0">(OCoLC)fst01727594</subfield>
      </datafield>
      <datafield tag="650" ind1=" " ind2="7">
         <subfield code="a">Decorative arts</subfield>
         <subfield code="x">Tang-Five dynasties.</subfield>
         <subfield code="2">fast</subfield>
         <subfield code="0">(OCoLC)fst01906939</subfield>
      </datafield>
      <datafield tag="650" ind1=" " ind2="7">
         <subfield code="a">Mandala in art.</subfield>
         <subfield code="2">fast</subfield>
         <subfield code="0">(OCoLC)fst01007417</subfield>
      </datafield>
      <datafield tag="651" ind1=" " ind2="7">
         <subfield code="a">China.</subfield>
         <subfield code="2">fast</subfield>
         <subfield code="0">(OCoLC)fst01206073</subfield>
      </datafield>
      <datafield tag="651" ind1=" " ind2="7">
         <subfield code="a">China</subfield>
         <subfield code="z">Shaanxi Sheng.</subfield>
         <subfield code="2">fast</subfield>
         <subfield code="0">(OCoLC)fst01211421</subfield>
      </datafield>
      <datafield tag="648" ind1=" " ind2="7">
         <subfield code="a">618-960.</subfield>
         <subfield code="2">fast</subfield>
      </datafield>
      <datafield tag="655" ind1=" " ind2="7">
         <subfield code="a">History.</subfield>
         <subfield code="2">fast</subfield>
         <subfield code="0">(OCoLC)fst01411628</subfield>
      </datafield>
      <datafield tag="700" ind1="1" ind2=" ">
         <subfield code="6">880-08</subfield>
         <subfield code="a">Han, Jinke.</subfield>
      </datafield>
      <datafield tag="700" ind1="1" ind2=" ">
         <subfield code="a">Beningson, Susan L.,</subfield>
         <subfield code="e">former owner.</subfield>
         <subfield code="5">NyNyUAW</subfield>
      </datafield>
      <datafield tag="710" ind1="2" ind2=" ">
         <subfield code="6">880-09</subfield>
         <subfield code="a">Zhongguo fo jiao wen hua yan jiu suo.</subfield>
      </datafield>
      <datafield tag="710" ind1="2" ind2=" ">
         <subfield code="6">880-10</subfield>
         <subfield code="a">Fa men si bo wu guan.</subfield>
      </datafield>
      <datafield tag="710" ind1="2" ind2=" ">
         <subfield code="6">880-11</subfield>
         <subfield code="a">Zhi lian jing yuan.</subfield>
         <subfield code="b">Wen hua bu.</subfield>
      </datafield>
      <datafield tag="740" ind1="0" ind2=" ">
         <subfield code="a">Beningson Collection.</subfield>
         <subfield code="5">NyNyUAW</subfield>
      </datafield>
      <datafield tag="880" ind1="1" ind2=" ">
         <subfield code="6">100-01/</subfield>
         <subfield code="a">吳立民,</subfield>
         <subfield code="d">1927-2009.</subfield>
      </datafield>
      <datafield tag="880" ind1="1" ind2="0">
         <subfield code="6">245-02/</subfield>
         <subfield code="a">法門寺地宮唐密曼荼羅之硏究 /</subfield>
         <subfield code="c">著者吳立民, 韓金科 ; [編輯中國佛敎文化研究所, 法門寺博物館, 佛敎志蓮浄苑文化部].</subfield>
      </datafield>
      <datafield tag="880" ind1=" " ind2=" ">
         <subfield code="6">250-03/</subfield>
         <subfield code="a">初版.</subfield>
      </datafield>
      <datafield tag="880" ind1=" " ind2=" ">
         <subfield code="6">260-04/</subfield>
         <subfield code="a">香港 :</subfield>
         <subfield code="b">中國佛敎文化出版有限公司,</subfield>
         <subfield code="c">1998.</subfield>
      </datafield>
      <datafield tag="880" ind1="2" ind2="4">
         <subfield code="6">610-05/</subfield>
         <subfield code="a">法門寺 (Fufeng Xian, China)</subfield>
      </datafield>
      <datafield tag="880" ind1=" " ind2="4">
         <subfield code="6">650-06/</subfield>
         <subfield code="a">Buddhist decorative arts</subfield>
         <subfield code="z">China</subfield>
         <subfield code="z">陜西省.</subfield>
      </datafield>
      <datafield tag="880" ind1=" " ind2="4">
         <subfield code="6">650-07/</subfield>
         <subfield code="a">Buddhist antiquities</subfield>
         <subfield code="z">China</subfield>
         <subfield code="z">陜西省.</subfield>
      </datafield>
      <datafield tag="880" ind1="1" ind2=" ">
         <subfield code="6">700-08/</subfield>
         <subfield code="a">韓金科.</subfield>
      </datafield>
      <datafield tag="880" ind1="2" ind2=" ">
         <subfield code="6">710-09/</subfield>
         <subfield code="a">中國佛敎文化硏究所.</subfield>
      </datafield>
      <datafield tag="880" ind1="2" ind2=" ">
         <subfield code="6">710-10/</subfield>
         <subfield code="a">法門寺博物館.</subfield>
      </datafield>
      <datafield tag="880" ind1="2" ind2=" ">
         <subfield code="6">710-11/</subfield>
         <subfield code="a">志蓮淨苑.</subfield>
         <subfield code="b">文化部.</subfield>
      </datafield>
      <datafield tag="OWN" ind1=" " ind2=" ">
         <subfield code="a">GENERAL</subfield>
      </datafield>
      <datafield tag="AVA" ind1=" " ind2=" ">
         <subfield code="a">NYU50</subfield>
         <subfield code="b">NISAW</subfield>
         <subfield code="c">Large Collection</subfield>
         <subfield code="d">BQ5125.M3 W8 1998 Non-circulating</subfield>
         <subfield code="e">available</subfield>
         <subfield code="t">Available</subfield>
         <subfield code="f">1</subfield>
         <subfield code="g">0</subfield>
         <subfield code="h">N</subfield>
         <subfield code="i">0</subfield>
         <subfield code="j">LARGE</subfield>
         <subfield code="k">0</subfield>
      </datafield>
      <marc:datafield tag="852" ind1=" " ind2=" ">
         <marc:subfield code="b">Institute for the Study of the Ancient World, </marc:subfield>
         <marc:subfield code="c">Large Collection</marc:subfield>
         <marc:subfield code="e">15 East 84th St., </marc:subfield>
         <marc:subfield code="e">New York, NY  10028</marc:subfield>
      </marc:datafield>
   </record>