
  
  
  
  
  
  
  
  
  
  
  
  
 
  
  <record xsi:schemaLocation="http://www.loc.gov/MARC21/slim http://www.loc.gov/standards/marcxml/schema/MARC21slim.xsd">
      <leader>00000cam a2200529Ii 4500</leader>
      <controlfield tag="FMT">BK</controlfield>
      <controlfield tag="LDR">00000cam a2200529Ii 4500</controlfield>
      <controlfield tag="001">005935619</controlfield>
      <controlfield tag="003">OCoLC</controlfield>
      <controlfield tag="005">20180212155812.0</controlfield>
      <controlfield tag="008">170817m20179999be abeh  b    000 0 fre d</controlfield>
      <datafield tag="020" ind1=" " ind2=" ">
         <subfield code="a">9789042935259</subfield>
         <subfield code="q">(v. 1 : pbk.)</subfield>
      </datafield>
      <datafield tag="020" ind1=" " ind2=" ">
         <subfield code="a">9042935251</subfield>
      </datafield>
      <datafield tag="035" ind1=" " ind2=" ">
         <subfield code="a">(OCoLC)1005122637</subfield>
      </datafield>
      <datafield tag="040" ind1=" " ind2=" ">
         <subfield code="a">YUS</subfield>
         <subfield code="b">eng</subfield>
         <subfield code="e">rda</subfield>
         <subfield code="c">YUS</subfield>
         <subfield code="d">JPG</subfield>
         <subfield code="d">CHVBK</subfield>
         <subfield code="d">ZCU</subfield>
         <subfield code="d">NNU</subfield>
      </datafield>
      <datafield tag="041" ind1="0" ind2=" ">
         <subfield code="a">fre</subfield>
         <subfield code="b">ara</subfield>
         <subfield code="b">eng</subfield>
         <subfield code="b">fre</subfield>
      </datafield>
      <datafield tag="043" ind1=" " ind2=" ">
         <subfield code="a">a-sy---</subfield>
      </datafield>
      <datafield tag="050" ind1=" " ind2="4">
         <subfield code="a">DS99.U35</subfield>
         <subfield code="b">R37 1983 vol.25, etc.</subfield>
      </datafield>
      <datafield tag="050" ind1=" " ind2="4">
         <subfield code="a">DS99.U35</subfield>
         <subfield code="b">A73 2017</subfield>
      </datafield>
      <datafield tag="079" ind1=" " ind2=" ">
         <subfield code="a">(OCoLC)1005122637</subfield>
      </datafield>
      <datafield tag="245" ind1="0" ind2="0">
         <subfield code="a">Archéologie, patrimoine et archives /</subfield>
         <subfield code="c">sous la direction de Valérie Matoïan.</subfield>
      </datafield>
      <datafield tag="264" ind1=" " ind2="1">
         <subfield code="a">Leuven :</subfield>
         <subfield code="b">Peeters,</subfield>
         <subfield code="c">2017-</subfield>
      </datafield>
      <datafield tag="300" ind1=" " ind2=" ">
         <subfield code="a">volumes :</subfield>
         <subfield code="b">illustrations (some color), facsimiles, maps, plans ;</subfield>
         <subfield code="c">30 cm.</subfield>
      </datafield>
      <datafield tag="336" ind1=" " ind2=" ">
         <subfield code="a">text</subfield>
         <subfield code="b">txt</subfield>
         <subfield code="2">rdacontent</subfield>
      </datafield>
      <datafield tag="336" ind1=" " ind2=" ">
         <subfield code="a">still image</subfield>
         <subfield code="b">sti</subfield>
         <subfield code="2">rdacontent</subfield>
      </datafield>
      <datafield tag="337" ind1=" " ind2=" ">
         <subfield code="a">unmediated</subfield>
         <subfield code="b">n</subfield>
         <subfield code="2">rdamedia</subfield>
      </datafield>
      <datafield tag="338" ind1=" " ind2=" ">
         <subfield code="a">volume</subfield>
         <subfield code="b">nc</subfield>
         <subfield code="2">rdacarrier</subfield>
      </datafield>
      <datafield tag="490" ind1="1" ind2=" ">
         <subfield code="a">Ras Shamra-Ougarit ;</subfield>
         <subfield code="v">XXV</subfield>
      </datafield>
      <datafield tag="490" ind1="1" ind2=" ">
         <subfield code="a">Publications de la Mission archéologique syro-française de Ras Shamra-Ougarit</subfield>
      </datafield>
      <datafield tag="546" ind1=" " ind2=" ">
         <subfield code="a">Contributions in French; summaries in Arabic, English, and French.</subfield>
      </datafield>
      <datafield tag="504" ind1=" " ind2=" ">
         <subfield code="a">Includes bibliographical references.</subfield>
      </datafield>
      <datafield tag="505" ind1="0" ind2="0">
         <subfield code="g">1</subfield>
         <subfield code="t">Les fouilles anciennes à Ras Shamra et à Minet el-Beida.</subfield>
      </datafield>
      <datafield tag="520" ind1="8" ind2=" ">
         <subfield code="a">A collection of papers based on archival resources related to the work of Mission archéologique de Ras Shamra-Ougarit on the sites of Ugarit and its harbor necropolis along Minat al-Bayḍā (Minet el-Beida, Beida Bay), in Latakia Province, Syria. The archival collections, including excavation notes, unpublished inventories, maps and plans, drawings, photographs, casts of objects, and tablets, are held by Mission archéologique syro-française de Ras Shamra-Ougarit and Service des archives du Collège de France (Fonds Claude Schaeffer), as well as by Musée du Louvre and Archives nationales de France.</subfield>
      </datafield>
      <datafield tag="520" ind1="8" ind2=" ">
         <subfield code="a">"Le premier livre d'une série intitulée Archéologie, patrimoine, archives, initiée par Valérie Matoïan, dont l'objectif est de rassembler des études portant plus spécifiquement sur l'exploitation scientifique des archives des fouilles anciennes de la Mission archéologique de Ras Shamra. L'ouvrage comporte vingt-deux articles auxquels ont contribué quinze membres de la Mission, rejoints par deux collaborateurs extérieurs. Ces recherches sont fondées sur l'édition d'une riche documentation pour une grande part inédite. Les documents d'archives analysés sont de nature variée: notes de fouille, cahiers d'inventaires, plans, dessins, photographies, moulages d'objets et de tablettes... Les fouilles conduites sous la direction de Claude Schaeffer sont de loin les mieux représentées et nombre de documents font partie du 'Fonds C. Schaeffer' du Service des archives du Collège de France. Toutefois, les fonds documentaires de la Mission, du Musée du Louvre et des Archives nationales, de même que des collections privées sont aussi mis à contribution."--Back cover (page 4 of cover).</subfield>
      </datafield>
      <datafield tag="610" ind1="2" ind2="0">
         <subfield code="a">Mission archéologique de Ras Shamra</subfield>
         <subfield code="x">History.</subfield>
      </datafield>
      <datafield tag="610" ind1="2" ind2="0">
         <subfield code="a">Mission archéologique syro-française de Ras Shamra-Ougarit</subfield>
         <subfield code="v">Archives.</subfield>
      </datafield>
      <datafield tag="610" ind1="2" ind2="0">
         <subfield code="a">Collège de France</subfield>
         <subfield code="v">Archives.</subfield>
      </datafield>
      <datafield tag="610" ind1="2" ind2="0">
         <subfield code="a">Musée du Louvre</subfield>
         <subfield code="v">Archives.</subfield>
      </datafield>
      <datafield tag="610" ind1="2" ind2="0">
         <subfield code="a">Archives nationales (France)</subfield>
         <subfield code="v">Archives.</subfield>
      </datafield>
      <datafield tag="651" ind1=" " ind2="0">
         <subfield code="a">Ugarit (Extinct city)</subfield>
      </datafield>
      <datafield tag="651" ind1=" " ind2="0">
         <subfield code="a">Ugarit (Extinct city)</subfield>
         <subfield code="x">Archival resources.</subfield>
      </datafield>
      <datafield tag="651" ind1=" " ind2="0">
         <subfield code="a">Syria</subfield>
         <subfield code="x">Antiquities.</subfield>
      </datafield>
      <datafield tag="650" ind1=" " ind2="0">
         <subfield code="a">Excavations (Archaeology)</subfield>
         <subfield code="z">Syria</subfield>
         <subfield code="z">Latakia (Province)</subfield>
      </datafield>
      <datafield tag="650" ind1=" " ind2="0">
         <subfield code="a">Excavations (Archaeology)</subfield>
         <subfield code="z">Syria</subfield>
         <subfield code="z">Latakia (Province)</subfield>
         <subfield code="x">Archival resources.</subfield>
      </datafield>
      <datafield tag="651" ind1=" " ind2="7">
         <subfield code="a">Leukos Limen.</subfield>
         <subfield code="2">pleiades</subfield>
         <subfield code="0">https://pleiades.stoa.org/places/668295</subfield>
         <subfield code="5">NyNyUAW</subfield>
      </datafield>
      <datafield tag="700" ind1="1" ind2=" ">
         <subfield code="a">Matoïan, Valérie,</subfield>
         <subfield code="e">editor.</subfield>
      </datafield>
      <datafield tag="710" ind1="2" ind2=" ">
         <subfield code="a">Mission archéologique syro-française de Ras Shamra-Ougarit,</subfield>
         <subfield code="e">issuing body.</subfield>
      </datafield>
      <datafield tag="830" ind1=" " ind2="0">
         <subfield code="a">Ras Shamra-Ougarit ;</subfield>
         <subfield code="v">25.</subfield>
      </datafield>
      <datafield tag="830" ind1=" " ind2="0">
         <subfield code="a">Publications de la Mission archéologique syro-française de Ras Shamra-Ougarit.</subfield>
      </datafield>
      <datafield tag="OWN" ind1=" " ind2=" ">
         <subfield code="a">GENERAL</subfield>
      </datafield>
      <datafield tag="AVA" ind1=" " ind2=" ">
         <subfield code="a">NYU50</subfield>
         <subfield code="b">BOBST</subfield>
         <subfield code="c">Main Collection</subfield>
         <subfield code="d">DS99.U35 R37 1983 vol.25, etc.</subfield>
         <subfield code="e">unavailable</subfield>
         <subfield code="t">Unavailable</subfield>
         <subfield code="f">1</subfield>
         <subfield code="g">1</subfield>
         <subfield code="h">N</subfield>
         <subfield code="i">0</subfield>
         <subfield code="j">MAIN</subfield>
         <subfield code="k">0</subfield>
      </datafield>
      <datafield tag="AVA" ind1=" " ind2=" ">
         <subfield code="a">NYU50</subfield>
         <subfield code="b">NISAW</subfield>
         <subfield code="c">Oversize Collection</subfield>
         <subfield code="d">DS99.U35 R37 v.25, etc. Non-circulating</subfield>
         <subfield code="e">available</subfield>
         <subfield code="t">Available</subfield>
         <subfield code="f">1</subfield>
         <subfield code="g">0</subfield>
         <subfield code="h">Y</subfield>
         <subfield code="i">0</subfield>
         <subfield code="j">OVERZ</subfield>
         <subfield code="k">0</subfield>
      </datafield>
      <marc:datafield tag="852" ind1=" " ind2=" ">
         <marc:subfield code="b">Institute for the Study of the Ancient World, </marc:subfield>
         <marc:subfield code="c">Oversize Collection</marc:subfield>
         <marc:subfield code="e">15 East 84th St., </marc:subfield>
         <marc:subfield code="e">New York, NY  10028</marc:subfield>
      </marc:datafield>
   </record>