
  
  
  
  
  
  
  
  
  
  
  
  
  
 
  
  <record xsi:schemaLocation="http://www.loc.gov/MARC21/slim http://www.loc.gov/standards/marcxml/schema/MARC21slim.xsd">
      <leader>00000cam a22     Ia 4500</leader>
      <controlfield tag="FMT">BK</controlfield>
      <controlfield tag="LDR">00000cam a22     Ia 4500</controlfield>
      <controlfield tag="001">005986738</controlfield>
      <controlfield tag="005">20180209013514.0</controlfield>
      <controlfield tag="008">180207s2000    cc       a    110 0 chi d</controlfield>
      <datafield tag="035" ind1=" " ind2=" ">
         <subfield code="a">(OCoLC)70248286</subfield>
      </datafield>
      <datafield tag="040" ind1=" " ind2=" ">
         <subfield code="a">HUA</subfield>
         <subfield code="b">eng</subfield>
         <subfield code="c">HUA</subfield>
         <subfield code="d">OCLCO</subfield>
         <subfield code="d">OCLCQ</subfield>
      </datafield>
      <datafield tag="041" ind1="0" ind2=" ">
         <subfield code="a">chi</subfield>
         <subfield code="a">eng</subfield>
      </datafield>
      <datafield tag="043" ind1=" " ind2=" ">
         <subfield code="a">a-cc---</subfield>
      </datafield>
      <datafield tag="050" ind1=" " ind2="4">
         <subfield code="a">DS797.28.D864</subfield>
         <subfield code="b">A17 2000</subfield>
      </datafield>
      <datafield tag="079" ind1=" " ind2=" ">
         <subfield code="a">(OCoLC)70248286</subfield>
      </datafield>
      <datafield tag="245" ind1="0" ind2="0">
         <subfield code="6">880-01</subfield>
         <subfield code="a">2000 nian Dunhuang xue guo ji xue shu tao lun hui lun wen ti yao ji :</subfield>
         <subfield code="b">ji nian Dunhuang cang jing dong fa xian ji Dunhuang xue 100 zhou nian (1900-2000) /</subfield>
         <subfield code="c">Zhongguo Dunhuang yan jiu yuan, Zhongguo Dunhuang Tulufan xue xue hui = 2000 International conference on Dunhuang studies-abstracts of papers : the centenary of the discovery of the Dunhuang Library Cave and the founding of Dunhuang studies (1900-2000) / Dunhuang Academy, China's Association of Dunhuang--Turfanology.</subfield>
      </datafield>
      <datafield tag="246" ind1="3" ind2="0">
         <subfield code="6">880-02</subfield>
         <subfield code="a">Dunhuang xue guo ji xue shu tao lun hui lun wen ti yao ji</subfield>
      </datafield>
      <datafield tag="246" ind1="3" ind2="0">
         <subfield code="6">880-03</subfield>
         <subfield code="a">Ji nian Dunhuang cang jing dong fa xian ji Dunhuang xue 100 zhou nian (1900-2000)</subfield>
      </datafield>
      <datafield tag="246" ind1="3" ind2="1">
         <subfield code="a">2000 International conference on Dunhuang studies-abstracts of papers :</subfield>
         <subfield code="b">the centenary of the discovery of the Dunhuang Library Cave and the founding of Dunhuang studies (1900-2000)</subfield>
      </datafield>
      <datafield tag="246" ind1="3" ind2="0">
         <subfield code="a">International conference on Dunhuang studies-abstracts of papers :</subfield>
         <subfield code="b">the centenary of the discovery of the Dunhuang Library Cave and the founding of Dunhuang studies (1900-2000)</subfield>
      </datafield>
      <datafield tag="260" ind1=" " ind2=" ">
         <subfield code="6">880-04</subfield>
         <subfield code="a">[Dunhuang] :</subfield>
         <subfield code="b">[Zhongguo Dunhuang yan jiu yuan]:</subfield>
         <subfield code="b">[Zhongguo Dunhuang Tulufan xue xue hui],</subfield>
         <subfield code="c">[2000]</subfield>
      </datafield>
      <datafield tag="300" ind1=" " ind2=" ">
         <subfield code="a">5, 263 pages ;</subfield>
         <subfield code="c">29 cm</subfield>
      </datafield>
      <datafield tag="336" ind1=" " ind2=" ">
         <subfield code="a">text</subfield>
         <subfield code="b">txt</subfield>
         <subfield code="2">rdacontent</subfield>
      </datafield>
      <datafield tag="337" ind1=" " ind2=" ">
         <subfield code="a">unmediated</subfield>
         <subfield code="b">n</subfield>
         <subfield code="2">rdamedia</subfield>
      </datafield>
      <datafield tag="338" ind1=" " ind2=" ">
         <subfield code="a">volume</subfield>
         <subfield code="b">nc</subfield>
         <subfield code="2">rdacarrier</subfield>
      </datafield>
      <datafield tag="500" ind1=" " ind2=" ">
         <subfield code="a">Cover title.</subfield>
      </datafield>
      <datafield tag="500" ind1=" " ind2=" ">
         <subfield code="a">ISAW copy is from the library of Susan L. Beningson.</subfield>
         <subfield code="5">NyNyUAW</subfield>
      </datafield>
      <datafield tag="546" ind1=" " ind2=" ">
         <subfield code="a">Chinese and English.</subfield>
      </datafield>
      <datafield tag="600" ind1="3" ind2="0">
         <subfield code="a">Dunhuang manuscripts</subfield>
         <subfield code="v">Congresses</subfield>
         <subfield code="v">Abstracts.</subfield>
      </datafield>
      <datafield tag="651" ind1=" " ind2="0">
         <subfield code="6">880-05</subfield>
         <subfield code="a">Dunhuang Caves (China)</subfield>
         <subfield code="v">Congresses.</subfield>
      </datafield>
      <datafield tag="700" ind1="1" ind2=" ">
         <subfield code="a">Beningson, Susan L.,</subfield>
         <subfield code="e">former owner.</subfield>
         <subfield code="5">NyNyUAW</subfield>
      </datafield>
      <datafield tag="710" ind1="2" ind2=" ">
         <subfield code="6">880-06</subfield>
         <subfield code="a">Zhongguo Dunhuang yan jiu yuan.</subfield>
      </datafield>
      <datafield tag="710" ind1="2" ind2=" ">
         <subfield code="6">880-07</subfield>
         <subfield code="a">Zhongguo Dunhuang Tulufan xue hui.</subfield>
      </datafield>
      <datafield tag="711" ind1="2" ind2=" ">
         <subfield code="6">880-08</subfield>
         <subfield code="a">Dunhuang xue guo ji xue shu tao lun hui</subfield>
         <subfield code="d">(2000 :</subfield>
         <subfield code="c">Dunhuang, China)</subfield>
      </datafield>
      <datafield tag="740" ind1="0" ind2=" ">
         <subfield code="a">Beningson Collection.</subfield>
         <subfield code="5">NyNyUAW</subfield>
      </datafield>
      <datafield tag="880" ind1="0" ind2="0">
         <subfield code="6">245-01/</subfield>
         <subfield code="a">2000年敦煌学国际学术讨论会论文提要集 :</subfield>
         <subfield code="b">纪念敦煌藏经洞发现暨敦煌学100周年(1900-2000) /</subfield>
         <subfield code="c">中国敦煌研究院, 中国敦煌吐鲁番学学会 = 2000 International conference on Dunhuang studies-abstracts of papers : the centenary of the discovery of the Dunhuang Library Cave and the founding of Dunhuang studies (1900-2000) / Dunhuang Academy, China's Association of Dunhuang--Turfanology.</subfield>
      </datafield>
      <datafield tag="880" ind1="3" ind2="0">
         <subfield code="6">246-02/</subfield>
         <subfield code="a">敦煌学国际学术讨论会论文提要集</subfield>
      </datafield>
      <datafield tag="880" ind1="3" ind2="0">
         <subfield code="6">246-03/</subfield>
         <subfield code="a">纪念敦煌藏经洞发现暨敦煌学100周年(1900-2000)</subfield>
      </datafield>
      <datafield tag="880" ind1=" " ind2=" ">
         <subfield code="6">260-04/</subfield>
         <subfield code="a">[敦煌] :</subfield>
         <subfield code="b">[中国敦煌研究院]:</subfield>
         <subfield code="b">[中国敦煌吐鲁番学学会],</subfield>
         <subfield code="c">[2000]</subfield>
      </datafield>
      <datafield tag="880" ind1=" " ind2="4">
         <subfield code="6">651-05/</subfield>
         <subfield code="a">敦煌石窟 (中国)</subfield>
         <subfield code="v">Congresses</subfield>
         <subfield code="v">Abstracts.</subfield>
      </datafield>
      <datafield tag="880" ind1="2" ind2=" ">
         <subfield code="6">710-06/</subfield>
         <subfield code="a">中国敦煌研究院.</subfield>
      </datafield>
      <datafield tag="880" ind1="2" ind2=" ">
         <subfield code="6">710-07/</subfield>
         <subfield code="a">中国敦煌吐鲁番学会.</subfield>
      </datafield>
      <datafield tag="880" ind1="2" ind2=" ">
         <subfield code="6">711-08/</subfield>
         <subfield code="a">敦煌学国际学术讨论会</subfield>
         <subfield code="d">(2000 :</subfield>
         <subfield code="c">敦煌, 中国)</subfield>
      </datafield>
      <datafield tag="OWN" ind1=" " ind2=" ">
         <subfield code="a">GENERAL</subfield>
      </datafield>
      <datafield tag="AVA" ind1=" " ind2=" ">
         <subfield code="a">NYU50</subfield>
         <subfield code="b">NISAW</subfield>
         <subfield code="c">Large Collection</subfield>
         <subfield code="d">DS797.28.D864 A17 2000 Non-circulating</subfield>
         <subfield code="e">available</subfield>
         <subfield code="t">Available</subfield>
         <subfield code="f">1</subfield>
         <subfield code="g">0</subfield>
         <subfield code="h">N</subfield>
         <subfield code="i">0</subfield>
         <subfield code="j">LARGE</subfield>
         <subfield code="k">0</subfield>
      </datafield>
      <marc:datafield tag="852" ind1=" " ind2=" ">
         <marc:subfield code="b">Institute for the Study of the Ancient World, </marc:subfield>
         <marc:subfield code="c">Large Collection</marc:subfield>
         <marc:subfield code="e">15 East 84th St., </marc:subfield>
         <marc:subfield code="e">New York, NY  10028</marc:subfield>
      </marc:datafield>
   </record>