
  
  
  
  
  
  
  
  
 
  
  <record xsi:schemaLocation="http://www.loc.gov/MARC21/slim http://www.loc.gov/standards/marcxml/schema/MARC21slim.xsd">
      <leader>00000cam a22     Ii 4500</leader>
      <controlfield tag="FMT">BK</controlfield>
      <controlfield tag="LDR">00000cam a22     Ii 4500</controlfield>
      <controlfield tag="001">005999052</controlfield>
      <controlfield tag="005">20180216143648.0</controlfield>
      <controlfield tag="008">180212s2013    enkabe   b    101 0 eng d</controlfield>
      <datafield tag="016" ind1="7" ind2=" ">
         <subfield code="a">016313430</subfield>
         <subfield code="2">Uk</subfield>
      </datafield>
      <datafield tag="020" ind1=" " ind2=" ">
         <subfield code="a">9780904887679</subfield>
         <subfield code="q">(hardcover)</subfield>
      </datafield>
      <datafield tag="020" ind1=" " ind2=" ">
         <subfield code="a">0904887677</subfield>
         <subfield code="q">(hardcover)</subfield>
      </datafield>
      <datafield tag="035" ind1=" " ind2=" ">
         <subfield code="a">(OCoLC)840187902</subfield>
      </datafield>
      <datafield tag="040" ind1=" " ind2=" ">
         <subfield code="a">NLE</subfield>
         <subfield code="b">eng</subfield>
         <subfield code="e">rda</subfield>
         <subfield code="c">NLE</subfield>
         <subfield code="d">OCLCO</subfield>
         <subfield code="d">STF</subfield>
         <subfield code="d">OCLCO</subfield>
         <subfield code="d">YDXCP</subfield>
         <subfield code="d">QGK</subfield>
         <subfield code="d">YNK</subfield>
         <subfield code="d">COO</subfield>
         <subfield code="d">OCLCF</subfield>
         <subfield code="d">CGU</subfield>
         <subfield code="d">IUL</subfield>
         <subfield code="d">ERASA</subfield>
         <subfield code="d">CUT</subfield>
         <subfield code="d">UKMGB</subfield>
         <subfield code="d">CHVBK</subfield>
         <subfield code="d">FDA</subfield>
         <subfield code="d">OCLCQ</subfield>
         <subfield code="d">A7U</subfield>
         <subfield code="d">ZYU</subfield>
      </datafield>
      <datafield tag="041" ind1="0" ind2=" ">
         <subfield code="a">eng</subfield>
         <subfield code="b">eng</subfield>
         <subfield code="b">gre</subfield>
      </datafield>
      <datafield tag="043" ind1=" " ind2=" ">
         <subfield code="a">e-gr---</subfield>
      </datafield>
      <datafield tag="050" ind1=" " ind2="4">
         <subfield code="a">DF221.C8</subfield>
         <subfield code="b">I57 2013</subfield>
      </datafield>
      <datafield tag="082" ind1="0" ind2="4">
         <subfield code="a">939/.18</subfield>
         <subfield code="2">23</subfield>
      </datafield>
      <datafield tag="245" ind1="0" ind2="0">
         <subfield code="a">Intermezzo :</subfield>
         <subfield code="b">intermediacy and regeneration in Middle Minoan III Palatial Crete /</subfield>
         <subfield code="c">edited by Colin F. Macdonald and Carl Knappett.</subfield>
      </datafield>
      <datafield tag="264" ind1=" " ind2="1">
         <subfield code="a">London :</subfield>
         <subfield code="b">British School at Athens,</subfield>
         <subfield code="c">2013.</subfield>
      </datafield>
      <datafield tag="300" ind1=" " ind2=" ">
         <subfield code="a">xx, 226 pages :</subfield>
         <subfield code="b">illustrations, maps, plans ;</subfield>
         <subfield code="c">31 cm.</subfield>
      </datafield>
      <datafield tag="336" ind1=" " ind2=" ">
         <subfield code="a">text</subfield>
         <subfield code="b">txt</subfield>
         <subfield code="2">rdacontent</subfield>
      </datafield>
      <datafield tag="337" ind1=" " ind2=" ">
         <subfield code="a">unmediated</subfield>
         <subfield code="b">n</subfield>
         <subfield code="2">rdamedia</subfield>
      </datafield>
      <datafield tag="338" ind1=" " ind2=" ">
         <subfield code="a">volume</subfield>
         <subfield code="b">nc</subfield>
         <subfield code="2">rdacarrier</subfield>
      </datafield>
      <datafield tag="490" ind1="1" ind2=" ">
         <subfield code="a">British School at Athens studies ;</subfield>
         <subfield code="v">21</subfield>
      </datafield>
      <datafield tag="546" ind1=" " ind2=" ">
         <subfield code="a">Articles in English with abstracts in English and Greek.</subfield>
      </datafield>
      <datafield tag="500" ind1=" " ind2=" ">
         <subfield code="a">Papers presented at a workshop at Villa Ariadne, Knossos, July 3-4, 2008</subfield>
      </datafield>
      <datafield tag="504" ind1=" " ind2=" ">
         <subfield code="a">Includes bibliographical references and index.</subfield>
      </datafield>
      <datafield tag="505" ind1="0" ind2="0">
         <subfield code="g">Introduction /</subfield>
         <subfield code="r">Colin F. Macdonald and Carl Knappett --</subfield>
         <subfield code="g">Knossos and north-central Crete.</subfield>
         <subfield code="t">Stratigraphy and ceramic typology in the Middle Minoan III palace at Knossos /</subfield>
         <subfield code="r">Carl Knappett, Iro Mathioudaki and Colin F. Macdonald ;</subfield>
         <subfield code="t">Between Protopalatial houses and Neopalatial mansions:</subfield>
         <subfield code="t">an "intermezzo" southwest of the palace at Knossos /</subfield>
         <subfield code="r">Colin F. Macdonald ;</subfield>
         <subfield code="t">Middle Minoan III pottery from the town of Knossos:</subfield>
         <subfield code="t">the Vlachakis Plot /</subfield>
         <subfield code="r">Peter Warren ;</subfield>
         <subfield code="t">The end of an intermezzo at Knossos:</subfield>
         <subfield code="t">ceramic wares, deposits, and architecture in a social context /</subfield>
         <subfield code="r">Eleni Hatzaki ;</subfield>
         <subfield code="t">Middle Minoan III burial customs at Knossos:</subfield>
         <subfield code="t">a pianissimo intermezzo? /</subfield>
         <subfield code="r">Lucia Alberti ;</subfield>
         <subfield code="t">The Middle Minoan III funerary landscape at Knossos /</subfield>
         <subfield code="r">Laura Preston ;</subfield>
         <subfield code="t">The Middle Minoan III building at Alonaki, Juktas /</subfield>
         <subfield code="r">Alexandra Karetsou ;</subfield>
         <subfield code="t">The Middle Minoan III period at Galatas:</subfield>
         <subfield code="t">pottery and historical implications /</subfield>
         <subfield code="r">Giorgos Rethemiotakis and Kostis Christakis --</subfield>
         <subfield code="g">South-central Crete.</subfield>
         <subfield code="t">A new Middle Minoan IIIA ceremonial building and the so-called "New Era" at Phaistos /</subfield>
         <subfield code="r">Filippo Carinci and Vincenzo la Rosa ;</subfield>
         <subfield code="t">Evidence for Middle Minoan III occupation at Ayia Triada /</subfield>
         <subfield code="r">Luca Girella ;</subfield>
         <subfield code="t">Architectural signposts:</subfield>
         <subfield code="t">datable ashlar style at Middle Minoan III Kommos in south-central Crete /</subfield>
         <subfield code="r">Joseph Shaw ;</subfield>
         <subfield code="t">Transitional Middle Minoan III-Late Minoan IA pottery at Kommos revisited /</subfield>
         <subfield code="r">Philip P. Betancourt ;</subfield>
         <subfield code="t">Exhuming an excavation:</subfield>
         <subfield code="t">preliminary notes on the use of the Kamilari tholos tomb in Middle Minoan III /</subfield>
         <subfield code="r">Luca Girella --</subfield>
         <subfield code="g">East Crete.</subfield>
         <subfield code="t">Early Middle Minoan III:</subfield>
         <subfield code="t">stratigraphical evidence vs stylistic analysis /</subfield>
         <subfield code="r">Veit Stürmer ;</subfield>
         <subfield code="t">The Syme Sanctuary at the transition from the Protopalatial to the Early Neopalatial Periods:</subfield>
         <subfield code="t">the evidence of the pottery /</subfield>
         <subfield code="r">Kostis Christakis ;</subfield>
         <subfield code="t">Where has Middle Minoan III gone?</subfield>
         <subfield code="t">A lack at Myrtos-Pyrgos--and elsewhere? What does it mean? /</subfield>
         <subfield code="r">Gerald Cadogan --</subfield>
      </datafield>
      <datafield tag="505" ind1="8" ind2="0">
         <subfield code="t">Defining Middle Minoan IIIA and IIIB at Palaikastro /</subfield>
         <subfield code="r">Carl Knappett and Tim Cunningham ;</subfield>
         <subfield code="t">Middle Minoan III:</subfield>
         <subfield code="t">a "gap" or a "missing link" in the history of the Minoan site of Zakros? /</subfield>
         <subfield code="r">Lefteris Platon and Eleni Gerontakou --</subfield>
         <subfield code="g">Wider perspectives.</subfield>
         <subfield code="t">Middle Minoan III beyond Crete:</subfield>
         <subfield code="t">the evidence from Thera /</subfield>
         <subfield code="r">Irene Nikolakopoulou ;</subfield>
         <subfield code="t">Absolute Middle Minoan III--the bigger picture:</subfield>
         <subfield code="t">early Neopalatial Crete's relations with the ancient Orient in the mid-second millenium BC /</subfield>
         <subfield code="r">J. Alexander MacGillivray.</subfield>
      </datafield>
      <datafield tag="520" ind1=" " ind2=" ">
         <subfield code="a">The Middle Minoan III period on Crete was initially identified and studied in detail at Knossos by Sir Arthur Evans. Subsequent scholarly attention focused on the preceding Old Palace period and the apparent floruit of the New Palaces at the beginning of the Late Bronze Age. In consequence one of the critical transitions in Minoan culture has been virtually overlooked, giving rise to confused and ill-informed judgements concerning developments in Crete and further afield. With numerous innovations in art, architecture and material culture -- notably an entirely new palace at Galatas -- the changes in Middle Minoan III are striking, and appear to herald a new political organisation of the island, centred on Knossos. The papers in this volume, presented at the first colloquium to be held in the Villa Ariadne at Knossos, now restore the period to its rightful position. The specialist contributions cover most key sites where Middle Minoan III occupation has been identified. The aim has been to rehabilitate Middle Minoan III as a dynamic period in Crete and also on Thera, in order to provide a better understanding of socio-political change across the island and beyond in the latter part of the Middle Bronze Age.</subfield>
      </datafield>
      <datafield tag="650" ind1=" " ind2="0">
         <subfield code="a">Minoans</subfield>
         <subfield code="v">Congresses.</subfield>
      </datafield>
      <datafield tag="650" ind1=" " ind2="0">
         <subfield code="a">Excavations (Archaeology)</subfield>
         <subfield code="z">Greece</subfield>
         <subfield code="z">Crete</subfield>
         <subfield code="v">Congresses.</subfield>
      </datafield>
      <datafield tag="651" ind1=" " ind2="0">
         <subfield code="a">Crete (Greece)</subfield>
         <subfield code="x">Antiquities</subfield>
         <subfield code="v">Congresses.</subfield>
      </datafield>
      <datafield tag="651" ind1=" " ind2="7">
         <subfield code="a">Creta (island)</subfield>
         <subfield code="2">pleiades</subfield>
         <subfield code="0">https://pleiades.stoa.org/places/589748</subfield>
      </datafield>
      <datafield tag="650" ind1=" " ind2="7">
         <subfield code="a">Antiquities.</subfield>
         <subfield code="2">fast</subfield>
         <subfield code="0">(OCoLC)fst00810745</subfield>
      </datafield>
      <datafield tag="650" ind1=" " ind2="7">
         <subfield code="a">Minoans.</subfield>
         <subfield code="2">fast</subfield>
         <subfield code="0">(OCoLC)fst01023064</subfield>
      </datafield>
      <datafield tag="651" ind1=" " ind2="7">
         <subfield code="a">Greece</subfield>
         <subfield code="z">Crete.</subfield>
         <subfield code="2">fast</subfield>
         <subfield code="0">(OCoLC)fst01207225</subfield>
      </datafield>
      <datafield tag="650" ind1=" " ind2="7">
         <subfield code="a">Minoische Kultur.</subfield>
         <subfield code="0">(DE-588)4074845-5</subfield>
         <subfield code="2">gnd</subfield>
      </datafield>
      <datafield tag="700" ind1="1" ind2=" ">
         <subfield code="a">Knappett, Carl,</subfield>
         <subfield code="e">editor.</subfield>
      </datafield>
      <datafield tag="700" ind1="1" ind2=" ">
         <subfield code="a">Macdonald, Colin F.,</subfield>
         <subfield code="d">1957-</subfield>
         <subfield code="e">editor.</subfield>
      </datafield>
      <datafield tag="830" ind1=" " ind2="0">
         <subfield code="a">British School at Athens studies ;</subfield>
         <subfield code="v">21.</subfield>
      </datafield>
      <datafield tag="OWN" ind1=" " ind2=" ">
         <subfield code="a">GENERAL</subfield>
      </datafield>
      <datafield tag="AVA" ind1=" " ind2=" ">
         <subfield code="a">NYU50</subfield>
         <subfield code="b">NISAW</subfield>
         <subfield code="c">Large Collection</subfield>
         <subfield code="d">DF221.C8 I57 2013 Non-circulating</subfield>
         <subfield code="e">available</subfield>
         <subfield code="t">Available</subfield>
         <subfield code="f">1</subfield>
         <subfield code="g">0</subfield>
         <subfield code="h">N</subfield>
         <subfield code="i">0</subfield>
         <subfield code="j">LARGE</subfield>
         <subfield code="k">0</subfield>
      </datafield>
      <marc:datafield tag="852" ind1=" " ind2=" ">
         <marc:subfield code="b">Institute for the Study of the Ancient World, </marc:subfield>
         <marc:subfield code="c">Large Collection</marc:subfield>
         <marc:subfield code="e">15 East 84th St., </marc:subfield>
         <marc:subfield code="e">New York, NY  10028</marc:subfield>
      </marc:datafield>
   </record>