
  
  
  
  
  
  
  
  
  
  
 
  
  <record xsi:schemaLocation="http://www.loc.gov/MARC21/slim http://www.loc.gov/standards/marcxml/schema/MARC21slim.xsd">
      <leader>00000nam a22     Ii 4500</leader>
      <controlfield tag="FMT">BK</controlfield>
      <controlfield tag="LDR">00000nam a22     Ii 4500</controlfield>
      <controlfield tag="001">005991272</controlfield>
      <controlfield tag="005">20180221155327.0</controlfield>
      <controlfield tag="008">180212s2016    ru ab    b    100 0 rusod</controlfield>
      <datafield tag="020" ind1=" " ind2=" ">
         <subfield code="a">9785911271978</subfield>
      </datafield>
      <datafield tag="020" ind1=" " ind2=" ">
         <subfield code="a">5911271974</subfield>
      </datafield>
      <datafield tag="035" ind1=" " ind2=" ">
         <subfield code="a">(OCoLC)1022851556</subfield>
      </datafield>
      <datafield tag="040" ind1=" " ind2=" ">
         <subfield code="a">ZYU</subfield>
         <subfield code="b">eng</subfield>
         <subfield code="e">rda</subfield>
         <subfield code="c">ZYU</subfield>
      </datafield>
      <datafield tag="043" ind1=" " ind2=" ">
         <subfield code="a">e-urr--</subfield>
      </datafield>
      <datafield tag="050" ind1=" " ind2="4">
         <subfield code="a">DK511.C2</subfield>
         <subfield code="b">K753 2016</subfield>
      </datafield>
      <datafield tag="079" ind1=" " ind2=" ">
         <subfield code="a">(OCoLC)1022851556</subfield>
      </datafield>
      <datafield tag="111" ind1="2" ind2=" ">
         <subfield code="a">"Krupnovskie chtenii͡a"</subfield>
         <subfield code="n">(29th :</subfield>
         <subfield code="d">2016 :</subfield>
         <subfield code="c">Groznyĭ, Russia)</subfield>
      </datafield>
      <datafield tag="245" ind1="1" ind2="0">
         <subfield code="6">880-01</subfield>
         <subfield code="a">Izuchenie i sokhranenie arkheologicheskog nasledii͡a narodov Kavkaza :</subfield>
         <subfield code="b">XXIX Krupnovskie chtenii͡a : materialy Mezhdunarodnoĭ nauchnoĭ konferent͡sii, Groznyĭ, 18-21 apreli͡a 2016 g. = Study and preservation of archaeological hertage of the peoples of Caucasus : the XXIX-th Krupnov's Readings : proceedings of the International Scientific Conference, Grozny, April 18-21, 2016 /</subfield>
         <subfield code="c">redakt͡sionnai͡a kollegii͡a: Kh. M. Mamaev (otv. redaktor) [and two others].</subfield>
      </datafield>
      <datafield tag="246" ind1="1" ind2="5">
         <subfield code="a">Study and preservation of archaeological hertage of the peoples of Caucasus : the XXIX-th Krupnov's Readings : proceedings of the International Scientific Conference, Grozny, April 18-21, 2016.</subfield>
      </datafield>
      <datafield tag="264" ind1=" " ind2="1">
         <subfield code="6">880-02</subfield>
         <subfield code="a">Grozny :</subfield>
         <subfield code="b">FGBOU VO "Chechenskiĭ gosudarstvennyĭ universitet",</subfield>
         <subfield code="c">2016.</subfield>
      </datafield>
      <datafield tag="300" ind1=" " ind2=" ">
         <subfield code="a">304 pages :</subfield>
         <subfield code="b">illustrations, maps ;</subfield>
         <subfield code="c">29 cm</subfield>
      </datafield>
      <datafield tag="336" ind1=" " ind2=" ">
         <subfield code="a">text</subfield>
         <subfield code="2">rdacontent</subfield>
      </datafield>
      <datafield tag="337" ind1=" " ind2=" ">
         <subfield code="a">unmediated</subfield>
         <subfield code="2">rdamedia</subfield>
      </datafield>
      <datafield tag="338" ind1=" " ind2=" ">
         <subfield code="a">volume</subfield>
         <subfield code="2">rdacarrier</subfield>
      </datafield>
      <datafield tag="546" ind1=" " ind2=" ">
         <subfield code="a">In Russian; six papers in English.</subfield>
      </datafield>
      <datafield tag="500" ind1=" " ind2=" ">
         <subfield code="6">880-03</subfield>
         <subfield code="a">"Nauchnoe izdanie"--Colophon.</subfield>
      </datafield>
      <datafield tag="504" ind1=" " ind2=" ">
         <subfield code="a">Includes bibliographical references.</subfield>
      </datafield>
      <datafield tag="650" ind1=" " ind2="0">
         <subfield code="a">Archaeology</subfield>
         <subfield code="z">Russia (Federation)</subfield>
         <subfield code="z">Caucasus, Northern</subfield>
         <subfield code="v">Congresses.</subfield>
      </datafield>
      <datafield tag="651" ind1=" " ind2="0">
         <subfield code="a">Caucasus, Northern (Russia)</subfield>
         <subfield code="x">Antiquities</subfield>
         <subfield code="v">Congresses.</subfield>
      </datafield>
      <datafield tag="650" ind1=" " ind2="0">
         <subfield code="a">Excavations (Archaeology)</subfield>
         <subfield code="z">Russia (Federation)</subfield>
         <subfield code="z">Caucasus, Northern</subfield>
         <subfield code="v">Congresses.</subfield>
      </datafield>
      <datafield tag="650" ind1=" " ind2="0">
         <subfield code="a">Archaeology</subfield>
         <subfield code="x">Methodology</subfield>
         <subfield code="v">Congresses.</subfield>
      </datafield>
      <datafield tag="700" ind1="1" ind2=" ">
         <subfield code="6">880-04</subfield>
         <subfield code="a">Mamaev, Kh. M.,</subfield>
         <subfield code="e">editor.</subfield>
      </datafield>
      <datafield tag="700" ind1="1" ind2=" ">
         <subfield code="6">880-05</subfield>
         <subfield code="a">Krupnov, E. I.</subfield>
         <subfield code="q">(Evgeniĭ Ignatʹevich),</subfield>
         <subfield code="e">dedicatee.</subfield>
      </datafield>
      <datafield tag="711" ind1="2" ind2=" ">
         <subfield code="a">"Krupnovskie chtenii͡a"</subfield>
         <subfield code="n">(29th :</subfield>
         <subfield code="d">2016 :</subfield>
         <subfield code="c">Grozny, Russia)</subfield>
      </datafield>
      <datafield tag="880" ind1="1" ind2="0">
         <subfield code="6">245-01/</subfield>
         <subfield code="a">Изучение и сохранение археологическог наследия народов Кавказа :</subfield>
         <subfield code="b">ХХIХ Крупновские чтения : материалы Международной научной конференции, Грозный, 18-21 апреля 2016 г. = Study and preservation of archaeological hertage of the peoples of Caucasus : the XXIX-th Krupnov's Readings : proceedings of the International Scientific Conference, Grozny, April 18-21, 2016 /</subfield>
         <subfield code="c">редакционная коллегия: Х. М. Мамаев (отв. редактор) [and two others].</subfield>
      </datafield>
      <datafield tag="880" ind1=" " ind2="1">
         <subfield code="6">264-02/</subfield>
         <subfield code="a">Грозный :</subfield>
         <subfield code="b">ФГБОУ ВО "Чеченский государственный университет",</subfield>
         <subfield code="c">2016.</subfield>
      </datafield>
      <datafield tag="880" ind1=" " ind2=" ">
         <subfield code="6">500-03/</subfield>
         <subfield code="a">"Научное издание"--Colophon.</subfield>
      </datafield>
      <datafield tag="880" ind1="1" ind2=" ">
         <subfield code="6">700-04/</subfield>
         <subfield code="a">Мамаев, Х. М.,</subfield>
         <subfield code="e">еditor.</subfield>
      </datafield>
      <datafield tag="880" ind1="1" ind2=" ">
         <subfield code="6">700-05/</subfield>
         <subfield code="a">Крупнов, Е. И.</subfield>
         <subfield code="q">(Евгений Игнатьевич),</subfield>
         <subfield code="e">dedicatee.</subfield>
      </datafield>
      <datafield tag="OWN" ind1=" " ind2=" ">
         <subfield code="a">GENERAL</subfield>
      </datafield>
      <datafield tag="AVA" ind1=" " ind2=" ">
         <subfield code="a">NYU50</subfield>
         <subfield code="b">NISAW</subfield>
         <subfield code="c">Large Collection</subfield>
         <subfield code="d">DK511.C2 K753 2016 Non-circulating</subfield>
         <subfield code="e">available</subfield>
         <subfield code="t">Available</subfield>
         <subfield code="f">1</subfield>
         <subfield code="g">0</subfield>
         <subfield code="h">N</subfield>
         <subfield code="i">0</subfield>
         <subfield code="j">LARGE</subfield>
         <subfield code="k">0</subfield>
      </datafield>
      <marc:datafield tag="852" ind1=" " ind2=" ">
         <marc:subfield code="b">Institute for the Study of the Ancient World, </marc:subfield>
         <marc:subfield code="c">Large Collection</marc:subfield>
         <marc:subfield code="e">15 East 84th St., </marc:subfield>
         <marc:subfield code="e">New York, NY  10028</marc:subfield>
      </marc:datafield>
   </record>