
  
  
  
  
  
  
  
  
  
  
  
  
  
  
 
  
  <record xsi:schemaLocation="http://www.loc.gov/MARC21/slim http://www.loc.gov/standards/marcxml/schema/MARC21slim.xsd">
      <leader>00000cam a2200853 a 4500</leader>
      <controlfield tag="FMT">BK</controlfield>
      <controlfield tag="LDR">00000cam a2200853 a 4500</controlfield>
      <controlfield tag="001">002502304</controlfield>
      <controlfield tag="003">OCoLC</controlfield>
      <controlfield tag="005">20180213103828.0</controlfield>
      <controlfield tag="008">780612m19769999ne a     b    001 0 eng</controlfield>
      <datafield tag="010" ind1=" " ind2=" ">
         <subfield code="a">78312944</subfield>
      </datafield>
      <datafield tag="015" ind1=" " ind2=" ">
         <subfield code="a">Ne76-25</subfield>
         <subfield code="q">(v. 2)</subfield>
      </datafield>
      <datafield tag="015" ind1=" " ind2=" ">
         <subfield code="a">Ne76-25 (v. 2)</subfield>
      </datafield>
      <datafield tag="016" ind1="7" ind2=" ">
         <subfield code="a">D0001734</subfield>
         <subfield code="2">bccb</subfield>
      </datafield>
      <datafield tag="020" ind1=" " ind2=" ">
         <subfield code="a">9004042814</subfield>
         <subfield code="q">(v. 2)</subfield>
      </datafield>
      <datafield tag="020" ind1=" " ind2=" ">
         <subfield code="a">9789004042810</subfield>
         <subfield code="q">(v. 2)</subfield>
      </datafield>
      <datafield tag="020" ind1=" " ind2=" ">
         <subfield code="a">9004057293</subfield>
         <subfield code="q">(v. 3)</subfield>
      </datafield>
      <datafield tag="020" ind1=" " ind2=" ">
         <subfield code="a">9789004057296</subfield>
         <subfield code="q">(v. 3)</subfield>
      </datafield>
      <datafield tag="020" ind1=" " ind2=" ">
         <subfield code="a">9789004158184</subfield>
         <subfield code="q">(v. 6)</subfield>
      </datafield>
      <datafield tag="020" ind1=" " ind2=" ">
         <subfield code="a">9004158189</subfield>
         <subfield code="q">(v. 6)</subfield>
      </datafield>
      <datafield tag="020" ind1=" " ind2=" ">
         <subfield code="a">9004048863</subfield>
         <subfield code="q">(v. 1)</subfield>
      </datafield>
      <datafield tag="020" ind1=" " ind2=" ">
         <subfield code="a">9789004048867</subfield>
         <subfield code="q">(v. 1)</subfield>
      </datafield>
      <datafield tag="035" ind1=" " ind2=" ">
         <subfield code="a">(OCoLC)2463095</subfield>
         <subfield code="z">(OCoLC)10194357</subfield>
         <subfield code="z">(OCoLC)610531136</subfield>
         <subfield code="z">(OCoLC)639939380</subfield>
      </datafield>
      <datafield tag="040" ind1=" " ind2=" ">
         <subfield code="a">DLC</subfield>
         <subfield code="b">eng</subfield>
         <subfield code="c">DLC</subfield>
         <subfield code="d">OCLCQ</subfield>
         <subfield code="d">MUQ</subfield>
         <subfield code="d">NLGGC</subfield>
         <subfield code="d">SYB</subfield>
         <subfield code="d">YDXCP</subfield>
         <subfield code="d">OCLCQ</subfield>
         <subfield code="d">UPM</subfield>
         <subfield code="d">ZWZ</subfield>
         <subfield code="d">UPX</subfield>
         <subfield code="d">OCLCF</subfield>
         <subfield code="d">OCLCQ</subfield>
         <subfield code="d">UWW</subfield>
         <subfield code="d">OCLCQ</subfield>
         <subfield code="d">OCL</subfield>
         <subfield code="d">UZ0</subfield>
         <subfield code="d">CSJ</subfield>
         <subfield code="d">ZYU</subfield>
      </datafield>
      <datafield tag="043" ind1=" " ind2=" ">
         <subfield code="a">e-gr---</subfield>
      </datafield>
      <datafield tag="050" ind1="0" ind2="0">
         <subfield code="a">DF261.K45</subfield>
         <subfield code="b">K46</subfield>
      </datafield>
      <datafield tag="079" ind1=" " ind2=" ">
         <subfield code="a">(OCoLC)2463095</subfield>
      </datafield>
      <datafield tag="082" ind1="0" ind2=" ">
         <subfield code="a">938/.7</subfield>
         <subfield code="2">19</subfield>
      </datafield>
      <datafield tag="090" ind1=" " ind2=" ">
         <subfield code="a">DF261.K41</subfield>
         <subfield code="b">I27</subfield>
         <subfield code="i">10/18/83 T</subfield>
      </datafield>
      <datafield tag="245" ind1="0" ind2="0">
         <subfield code="a">Kenchreai, eastern port of Corinth :</subfield>
         <subfield code="b">results of investigations by the University of Chicago and Indiana University for the American School of Classical Studies at Athens.</subfield>
      </datafield>
      <datafield tag="260" ind1=" " ind2=" ">
         <subfield code="a">Leiden ;</subfield>
         <subfield code="a">Boston :</subfield>
         <subfield code="b">Brill,</subfield>
         <subfield code="c">1976-&lt;c2007&gt;</subfield>
      </datafield>
      <datafield tag="300" ind1=" " ind2=" ">
         <subfield code="a">volumes &lt;1-6&gt; :</subfield>
         <subfield code="b">illustrations ;</subfield>
         <subfield code="c">30 cm</subfield>
      </datafield>
      <datafield tag="336" ind1=" " ind2=" ">
         <subfield code="a">text</subfield>
         <subfield code="b">txt</subfield>
         <subfield code="2">rdacontent</subfield>
      </datafield>
      <datafield tag="337" ind1=" " ind2=" ">
         <subfield code="a">unmediated</subfield>
         <subfield code="b">n</subfield>
         <subfield code="2">rdamedia</subfield>
      </datafield>
      <datafield tag="338" ind1=" " ind2=" ">
         <subfield code="a">volume</subfield>
         <subfield code="b">nc</subfield>
         <subfield code="2">rdacarrier</subfield>
      </datafield>
      <datafield tag="504" ind1=" " ind2=" ">
         <subfield code="a">Includes bibliographical references and indexes.</subfield>
      </datafield>
      <datafield tag="505" ind1="0" ind2="0">
         <subfield code="g">1.</subfield>
         <subfield code="t">Topography and architecture /</subfield>
         <subfield code="r">by Robert Scranton, Joseph W. Shaw, and Leila Ibrahim --</subfield>
         <subfield code="g">2.</subfield>
         <subfield code="t">The panels of opus sectile in glass /</subfield>
         <subfield code="r">L. Ibrahim, R. Scranton, and R. Brill --</subfield>
         <subfield code="g">3.</subfield>
         <subfield code="t">The coins /</subfield>
         <subfield code="r">R.L. Hohlfelder --</subfield>
         <subfield code="g">4.</subfield>
         <subfield code="t">The pottery --</subfield>
         <subfield code="g">5.</subfield>
         <subfield code="t">The lamps /</subfield>
         <subfield code="r">by Hector Williams --</subfield>
         <subfield code="g">6.</subfield>
         <subfield code="t">Ivory, bone, and related wood finds /</subfield>
         <subfield code="r">by Wilma Olch Stern and Danae Hadjilazaro Thimme.</subfield>
      </datafield>
      <datafield tag="651" ind1=" " ind2="0">
         <subfield code="6">880-01</subfield>
         <subfield code="a">Kekhriai (Greece)</subfield>
         <subfield code="x">Antiquities.</subfield>
      </datafield>
      <datafield tag="650" ind1=" " ind2="0">
         <subfield code="a">Excavations (Archaeology)</subfield>
         <subfield code="z">Greece</subfield>
         <subfield code="z">Kekhriai.</subfield>
      </datafield>
      <datafield tag="651" ind1=" " ind2="0">
         <subfield code="a">Greece</subfield>
         <subfield code="x">Antiquities.</subfield>
      </datafield>
      <datafield tag="651" ind1=" " ind2="7">
         <subfield code="a">Kenchreai.</subfield>
         <subfield code="2">pleiades</subfield>
         <subfield code="0">https://pleiades.stoa.org/places/570347</subfield>
      </datafield>
      <datafield tag="650" ind1=" " ind2="6">
         <subfield code="a">Fouilles (Archéologie)</subfield>
         <subfield code="z">Grèce</subfield>
         <subfield code="z">Cenchrées.</subfield>
      </datafield>
      <datafield tag="651" ind1=" " ind2="6">
         <subfield code="a">Grèce</subfield>
         <subfield code="x">Antiquités.</subfield>
      </datafield>
      <datafield tag="651" ind1=" " ind2="6">
         <subfield code="a">Cenchrées (Grèce)</subfield>
         <subfield code="x">Antiquités.</subfield>
      </datafield>
      <datafield tag="650" ind1=" " ind2="7">
         <subfield code="a">Fouilles archéologiques</subfield>
         <subfield code="z">Grèce</subfield>
         <subfield code="z">Kenkhrées (Grèce)</subfield>
         <subfield code="2">ram</subfield>
      </datafield>
      <datafield tag="651" ind1=" " ind2="7">
         <subfield code="a">Kenkhrées (Grèce)</subfield>
         <subfield code="x">Antiquités.</subfield>
         <subfield code="2">ram</subfield>
      </datafield>
      <datafield tag="650" ind1=" " ind2="7">
         <subfield code="a">Antiquities.</subfield>
         <subfield code="2">fast</subfield>
         <subfield code="0">(OCoLC)fst00810745</subfield>
      </datafield>
      <datafield tag="650" ind1=" " ind2="7">
         <subfield code="a">Excavations (Archaeology)</subfield>
         <subfield code="2">fast</subfield>
         <subfield code="0">(OCoLC)fst00917564</subfield>
      </datafield>
      <datafield tag="651" ind1=" " ind2="7">
         <subfield code="a">Greece.</subfield>
         <subfield code="2">fast</subfield>
         <subfield code="0">(OCoLC)fst01208380</subfield>
      </datafield>
      <datafield tag="651" ind1=" " ind2="7">
         <subfield code="a">Greece</subfield>
         <subfield code="z">Kekhriai.</subfield>
         <subfield code="2">fast</subfield>
         <subfield code="0">(OCoLC)fst01203432</subfield>
      </datafield>
      <datafield tag="651" ind1=" " ind2="4">
         <subfield code="6">880-02</subfield>
         <subfield code="a">Kekhriai (Greece)</subfield>
         <subfield code="x">Antiquities.</subfield>
      </datafield>
      <datafield tag="700" ind1="1" ind2=" ">
         <subfield code="a">Scranton, Robert,</subfield>
         <subfield code="d">1912-1993.</subfield>
      </datafield>
      <datafield tag="700" ind1="1" ind2=" ">
         <subfield code="a">Shaw, Joseph W.</subfield>
      </datafield>
      <datafield tag="700" ind1="1" ind2=" ">
         <subfield code="a">Ibrahim, Leila.</subfield>
      </datafield>
      <datafield tag="700" ind1="1" ind2=" ">
         <subfield code="a">Brill, Robert H.</subfield>
      </datafield>
      <datafield tag="700" ind1="1" ind2=" ">
         <subfield code="a">Hohlfelder, Robert L.</subfield>
      </datafield>
      <datafield tag="700" ind1="1" ind2=" ">
         <subfield code="a">Williams, Hector,</subfield>
         <subfield code="d">1945-</subfield>
      </datafield>
      <datafield tag="700" ind1="1" ind2=" ">
         <subfield code="a">Stern, Wilma,</subfield>
         <subfield code="d">1940-</subfield>
      </datafield>
      <datafield tag="700" ind1="1" ind2=" ">
         <subfield code="a">Thimme, Danae Hadjilazaro.</subfield>
      </datafield>
      <datafield tag="710" ind1="2" ind2=" ">
         <subfield code="a">University of Chicago.</subfield>
      </datafield>
      <datafield tag="710" ind1="2" ind2=" ">
         <subfield code="a">Indiana University, Bloomington.</subfield>
      </datafield>
      <datafield tag="710" ind1="2" ind2=" ">
         <subfield code="a">American School of Classical Studies at Athens.</subfield>
      </datafield>
      <datafield tag="776" ind1="0" ind2="8">
         <subfield code="i">Online version:</subfield>
         <subfield code="t">Kenchreai, eastern port of Corinth.</subfield>
         <subfield code="d">Leiden ; Boston : Brill, 1976-&lt;c2007&gt;</subfield>
         <subfield code="w">(OCoLC)559584215</subfield>
      </datafield>
      <datafield tag="776" ind1="0" ind2="8">
         <subfield code="i">Online version:</subfield>
         <subfield code="t">Kenchreai, eastern port of Corinth.</subfield>
         <subfield code="d">Leiden ; Boston : Brill, 1976-&lt;c2007&gt;</subfield>
         <subfield code="w">(OCoLC)604020427</subfield>
      </datafield>
      <datafield tag="880" ind1=" " ind2="4">
         <subfield code="6">651-01/</subfield>
         <subfield code="a">Ελλάδα</subfield>
         <subfield code="x">Αρχαιότητες.</subfield>
      </datafield>
      <datafield tag="880" ind1=" " ind2="4">
         <subfield code="6">651-02/</subfield>
         <subfield code="a">Ελλάδα</subfield>
         <subfield code="x">Αρχαιότητες.</subfield>
      </datafield>
      <datafield tag="OWN" ind1=" " ind2=" ">
         <subfield code="a">GENERAL</subfield>
      </datafield>
      <datafield tag="950" ind1=" " ind2=" ">
         <subfield code="l">FStack</subfield>
         <subfield code="a">DF261.K41</subfield>
         <subfield code="b">I27</subfield>
         <subfield code="v">v.1-3,5</subfield>
         <subfield code="h">01/01/01 N</subfield>
      </datafield>
      <datafield tag="AVA" ind1=" " ind2=" ">
         <subfield code="a">NYU50</subfield>
         <subfield code="b">NIFA</subfield>
         <subfield code="c">Main Collection</subfield>
         <subfield code="d">DF261.K41 I27 Non-circulating</subfield>
         <subfield code="e">available</subfield>
         <subfield code="t">Available</subfield>
         <subfield code="f">5</subfield>
         <subfield code="g">0</subfield>
         <subfield code="h">Y</subfield>
         <subfield code="i">0</subfield>
         <subfield code="j">MAIN</subfield>
         <subfield code="k">0</subfield>
      </datafield>
      <datafield tag="AVA" ind1=" " ind2=" ">
         <subfield code="a">NYU50</subfield>
         <subfield code="b">NISAW</subfield>
         <subfield code="c">Large Collection</subfield>
         <subfield code="d">DF261.K45 K46 Non-circulating</subfield>
         <subfield code="e">available</subfield>
         <subfield code="t">Available</subfield>
         <subfield code="f">1</subfield>
         <subfield code="g">0</subfield>
         <subfield code="h">Y</subfield>
         <subfield code="i">0</subfield>
         <subfield code="j">LARGE</subfield>
         <subfield code="k">0</subfield>
      </datafield>
      <marc:datafield tag="852" ind1=" " ind2=" ">
         <marc:subfield code="b">Institute for the Study of the Ancient World, </marc:subfield>
         <marc:subfield code="c">Large Collection</marc:subfield>
         <marc:subfield code="e">15 East 84th St., </marc:subfield>
         <marc:subfield code="e">New York, NY  10028</marc:subfield>
      </marc:datafield>
   </record>