
  
  
  
  
  
  
  
  
  
  
  
  
 
  
  <record xsi:schemaLocation="http://www.loc.gov/MARC21/slim http://www.loc.gov/standards/marcxml/schema/MARC21slim.xsd">
      <leader>00000cam a22      a 4500</leader>
      <controlfield tag="FMT">BK</controlfield>
      <controlfield tag="LDR">00000cam a22      a 4500</controlfield>
      <controlfield tag="001">005999266</controlfield>
      <controlfield tag="005">20180216143336.0</controlfield>
      <controlfield tag="008">180213s2007    enkabce  b    001 0 eng</controlfield>
      <datafield tag="010" ind1=" " ind2=" ">
         <subfield code="a">  2007408304</subfield>
      </datafield>
      <datafield tag="015" ind1=" " ind2=" ">
         <subfield code="a">GBA690768</subfield>
         <subfield code="2">bnb</subfield>
      </datafield>
      <datafield tag="016" ind1="7" ind2=" ">
         <subfield code="a">013584829</subfield>
         <subfield code="2">Uk</subfield>
      </datafield>
      <datafield tag="020" ind1=" " ind2=" ">
         <subfield code="a">9781905119127</subfield>
         <subfield code="q">(pbk.)</subfield>
      </datafield>
      <datafield tag="020" ind1=" " ind2=" ">
         <subfield code="a">1905119127</subfield>
         <subfield code="q">(pbk.)</subfield>
      </datafield>
      <datafield tag="035" ind1=" " ind2=" ">
         <subfield code="a">(OCoLC)74525969</subfield>
      </datafield>
      <datafield tag="040" ind1=" " ind2=" ">
         <subfield code="a">UKM</subfield>
         <subfield code="b">eng</subfield>
         <subfield code="c">UKM</subfield>
         <subfield code="d">BAKER</subfield>
         <subfield code="d">BWKUK</subfield>
         <subfield code="d">YDXCP</subfield>
         <subfield code="d">AGL</subfield>
         <subfield code="d">BTCTA</subfield>
         <subfield code="d">DLC</subfield>
         <subfield code="d">OCLCG</subfield>
         <subfield code="d">AZU</subfield>
         <subfield code="d">P4I</subfield>
         <subfield code="d">IXA</subfield>
         <subfield code="d">OCLCQ</subfield>
         <subfield code="d">OCLCF</subfield>
         <subfield code="d">OCLCQ</subfield>
         <subfield code="d">OCLCA</subfield>
         <subfield code="d">DHA</subfield>
         <subfield code="d">ZYU</subfield>
      </datafield>
      <datafield tag="042" ind1=" " ind2=" ">
         <subfield code="a">ukblsr</subfield>
      </datafield>
      <datafield tag="043" ind1=" " ind2=" ">
         <subfield code="a">e-uk---</subfield>
      </datafield>
      <datafield tag="050" ind1="0" ind2="0">
         <subfield code="a">SB202.G7</subfield>
         <subfield code="b">W38 2007</subfield>
      </datafield>
      <datafield tag="050" ind1=" " ind2="4">
         <subfield code="a">QH541.5.M4</subfield>
         <subfield code="b">W38 2007</subfield>
      </datafield>
      <datafield tag="070" ind1="0" ind2=" ">
         <subfield code="a">QH541.5.M4</subfield>
         <subfield code="b">W38 2007</subfield>
      </datafield>
      <datafield tag="082" ind1="0" ind2="4">
         <subfield code="a">577.460941</subfield>
         <subfield code="2">22</subfield>
      </datafield>
      <datafield tag="084" ind1=" " ind2=" ">
         <subfield code="a">577.460941</subfield>
         <subfield code="2">23</subfield>
      </datafield>
      <datafield tag="245" ind1="0" ind2="0">
         <subfield code="a">Water meadows :</subfield>
         <subfield code="b">history, ecology and conservation /</subfield>
         <subfield code="c">edited by Hadrian Cook and Tom Williamson.</subfield>
      </datafield>
      <datafield tag="260" ind1=" " ind2=" ">
         <subfield code="a">Bollington :</subfield>
         <subfield code="b">Windgather,</subfield>
         <subfield code="c">©2007.</subfield>
      </datafield>
      <datafield tag="300" ind1=" " ind2=" ">
         <subfield code="a">viii, 151 pages :</subfield>
         <subfield code="b">illustrations (some color), maps (some color), 1 color portrait, plans ;</subfield>
         <subfield code="c">25 cm</subfield>
      </datafield>
      <datafield tag="336" ind1=" " ind2=" ">
         <subfield code="a">text</subfield>
         <subfield code="b">txt</subfield>
         <subfield code="2">rdacontent</subfield>
      </datafield>
      <datafield tag="337" ind1=" " ind2=" ">
         <subfield code="a">unmediated</subfield>
         <subfield code="b">n</subfield>
         <subfield code="2">rdamedia</subfield>
      </datafield>
      <datafield tag="338" ind1=" " ind2=" ">
         <subfield code="a">volume</subfield>
         <subfield code="b">nc</subfield>
         <subfield code="2">rdacarrier</subfield>
      </datafield>
      <datafield tag="504" ind1=" " ind2=" ">
         <subfield code="a">Includes bibliographical references and index.</subfield>
      </datafield>
      <datafield tag="505" ind1="0" ind2="0">
         <subfield code="t">Introducing water meadows /</subfield>
         <subfield code="r">Tom Williamson and Hadrian Cook --</subfield>
         <subfield code="t">The floated water meadows of Wessex : a triumph of English agriculture /</subfield>
         <subfield code="r">Joe Bettey --</subfield>
         <subfield code="t">The archaeology of water meadows /</subfield>
         <subfield code="r">Christopher Taylor --</subfield>
         <subfield code="t">'Floating' in context : meadows in the long term /</subfield>
         <subfield code="r">Tom Williamson --</subfield>
         <subfield code="t">The later history of water meadows /</subfield>
         <subfield code="r">Hadrian Cook and Tom Williamson --</subfield>
         <subfield code="t">Drowning by numbers : the functioning of bedwork water meadows /</subfield>
         <subfield code="r">Roger L. Cutting and Ian Cummings --</subfield>
         <subfield code="t">The effects of floating on plant communities /</subfield>
         <subfield code="r">Ian Cummings and Roger L. Cutting --</subfield>
         <subfield code="t">The hydrology, soils and geology of the Wessex water meadows /</subfield>
         <subfield code="r">Hadrian Cook --</subfield>
         <subfield code="t">The management of water meadows : four hundred years of intensive integrated agriculture /</subfield>
         <subfield code="r">Kathy Stearne --</subfield>
         <subfield code="t">Water meadow management today : the practitioner's view /</subfield>
         <subfield code="r">Peter Martin and Kathy Stearne --</subfield>
         <subfield code="t">Agri-environment schemes and water meadow conservation /</subfield>
         <subfield code="r">Kathy Stearne and Andrew Fielder.</subfield>
      </datafield>
      <datafield tag="650" ind1=" " ind2="0">
         <subfield code="a">Meadows</subfield>
         <subfield code="x">Irrigation</subfield>
         <subfield code="z">Great Britain.</subfield>
      </datafield>
      <datafield tag="650" ind1=" " ind2="0">
         <subfield code="a">Meadows</subfield>
         <subfield code="z">Great Britain</subfield>
         <subfield code="x">Management.</subfield>
      </datafield>
      <datafield tag="650" ind1=" " ind2="0">
         <subfield code="a">Meadow ecology</subfield>
         <subfield code="z">Great Britain.</subfield>
      </datafield>
      <datafield tag="651" ind1=" " ind2="7">
         <subfield code="a">Britannia/Albion (island)</subfield>
         <subfield code="2">pleiades</subfield>
         <subfield code="0">https://pleiades.stoa.org/places/20419</subfield>
         <subfield code="5">NyNyUAW</subfield>
      </datafield>
      <datafield tag="650" ind1=" " ind2="7">
         <subfield code="a">Meadow ecology.</subfield>
         <subfield code="2">fast</subfield>
         <subfield code="0">(OCoLC)fst01013112</subfield>
      </datafield>
      <datafield tag="650" ind1=" " ind2="7">
         <subfield code="a">Meadows</subfield>
         <subfield code="x">Irrigation.</subfield>
         <subfield code="2">fast</subfield>
         <subfield code="0">(OCoLC)fst01013125</subfield>
      </datafield>
      <datafield tag="650" ind1=" " ind2="7">
         <subfield code="a">Meadows</subfield>
         <subfield code="x">Management.</subfield>
         <subfield code="2">fast</subfield>
         <subfield code="0">(OCoLC)fst01013126</subfield>
      </datafield>
      <datafield tag="651" ind1=" " ind2="7">
         <subfield code="a">Great Britain.</subfield>
         <subfield code="2">fast</subfield>
         <subfield code="0">(OCoLC)fst01204623</subfield>
      </datafield>
      <datafield tag="700" ind1="1" ind2=" ">
         <subfield code="a">Cook, Hadrian F.</subfield>
      </datafield>
      <datafield tag="700" ind1="1" ind2=" ">
         <subfield code="a">Williamson, Tom,</subfield>
         <subfield code="d">1955-</subfield>
      </datafield>
      <datafield tag="776" ind1="0" ind2="8">
         <subfield code="i">Online version:</subfield>
         <subfield code="t">Water meadows.</subfield>
         <subfield code="d">Bollington : Windgather, ©2007</subfield>
         <subfield code="w">(OCoLC)742309468</subfield>
      </datafield>
      <datafield tag="856" ind1="4" ind2="1">
         <subfield code="3">Table of contents</subfield>
         <subfield code="u">http://catdir.loc.gov/catdir/toc/fy0801/2007408304.html</subfield>
      </datafield>
      <datafield tag="OWN" ind1=" " ind2=" ">
         <subfield code="a">GENERAL</subfield>
      </datafield>
      <datafield tag="AVA" ind1=" " ind2=" ">
         <subfield code="a">NYU50</subfield>
         <subfield code="b">NISAW</subfield>
         <subfield code="c">Small Collection</subfield>
         <subfield code="d">SB202.G7 W38 2007 Non-circulating</subfield>
         <subfield code="e">available</subfield>
         <subfield code="t">Available</subfield>
         <subfield code="f">1</subfield>
         <subfield code="g">0</subfield>
         <subfield code="h">N</subfield>
         <subfield code="i">0</subfield>
         <subfield code="j">SMALL</subfield>
         <subfield code="k">0</subfield>
      </datafield>
      <marc:datafield tag="852" ind1=" " ind2=" ">
         <marc:subfield code="b">Institute for the Study of the Ancient World, </marc:subfield>
         <marc:subfield code="c">Small Collection</marc:subfield>
         <marc:subfield code="e">15 East 84th St., </marc:subfield>
         <marc:subfield code="e">New York, NY  10028</marc:subfield>
      </marc:datafield>
   </record>