
  
  
  
  
  
  
  
  
  
  
  
 
  
  <record xsi:schemaLocation="http://www.loc.gov/MARC21/slim http://www.loc.gov/standards/marcxml/schema/MARC21slim.xsd">
      <leader>00000cam a22      a 4500</leader>
      <controlfield tag="FMT">BK</controlfield>
      <controlfield tag="LDR">00000cam a22      a 4500</controlfield>
      <controlfield tag="001">005999519</controlfield>
      <controlfield tag="005">20180216143823.0</controlfield>
      <controlfield tag="008">180214s2004    enkab    b    100 0 eng</controlfield>
      <datafield tag="010" ind1=" " ind2=" ">
         <subfield code="a">  2004303913</subfield>
      </datafield>
      <datafield tag="015" ind1=" " ind2=" ">
         <subfield code="a">GBA3U5275</subfield>
         <subfield code="2">bnb</subfield>
      </datafield>
      <datafield tag="016" ind1="7" ind2=" ">
         <subfield code="a">006891764</subfield>
         <subfield code="2">Uk</subfield>
      </datafield>
      <datafield tag="020" ind1=" " ind2=" ">
         <subfield code="a">1842171151</subfield>
      </datafield>
      <datafield tag="020" ind1=" " ind2=" ">
         <subfield code="a">9781842171158</subfield>
      </datafield>
      <datafield tag="035" ind1=" " ind2=" ">
         <subfield code="a">(OCoLC)53068303</subfield>
      </datafield>
      <datafield tag="040" ind1=" " ind2=" ">
         <subfield code="a">UKM</subfield>
         <subfield code="b">eng</subfield>
         <subfield code="c">DLC</subfield>
         <subfield code="d">UKM</subfield>
         <subfield code="d">C#P</subfield>
         <subfield code="d">MUQ</subfield>
         <subfield code="d">BAKER</subfield>
         <subfield code="d">NLGGC</subfield>
         <subfield code="d">BTCTA</subfield>
         <subfield code="d">YDXCP</subfield>
         <subfield code="d">OCLCQ</subfield>
         <subfield code="d">OCLCG</subfield>
         <subfield code="d">EXW</subfield>
         <subfield code="d">UKMGB</subfield>
         <subfield code="d">OCLCF</subfield>
         <subfield code="d">OCLCO</subfield>
         <subfield code="d">OCLCQ</subfield>
         <subfield code="d">OCL</subfield>
         <subfield code="d">OCLCO</subfield>
         <subfield code="d">OCLCQ</subfield>
         <subfield code="d">DHA</subfield>
         <subfield code="d">ZYU</subfield>
      </datafield>
      <datafield tag="042" ind1=" " ind2=" ">
         <subfield code="a">lccopycat</subfield>
      </datafield>
      <datafield tag="050" ind1=" " ind2="4">
         <subfield code="a">CC79.5.A5</subfield>
         <subfield code="b">I56 2002</subfield>
      </datafield>
      <datafield tag="050" ind1="0" ind2="0">
         <subfield code="a">CC79.5.A5</subfield>
         <subfield code="b">I575 2002</subfield>
      </datafield>
      <datafield tag="082" ind1="0" ind2="0">
         <subfield code="a">930.1</subfield>
         <subfield code="2">22</subfield>
      </datafield>
      <datafield tag="084" ind1=" " ind2=" ">
         <subfield code="a">15.39</subfield>
         <subfield code="2">bcl</subfield>
      </datafield>
      <datafield tag="084" ind1=" " ind2=" ">
         <subfield code="a">38.22</subfield>
         <subfield code="2">bcl</subfield>
      </datafield>
      <datafield tag="084" ind1=" " ind2=" ">
         <subfield code="a">930.1</subfield>
         <subfield code="2">22</subfield>
      </datafield>
      <datafield tag="110" ind1="2" ind2=" ">
         <subfield code="a">International Council for Archaeozoology.</subfield>
         <subfield code="b">Conference</subfield>
         <subfield code="n">(9th :</subfield>
         <subfield code="d">2002 :</subfield>
         <subfield code="c">Durham, England)</subfield>
      </datafield>
      <datafield tag="245" ind1="1" ind2="4">
         <subfield code="a">The future from the past :</subfield>
         <subfield code="b">archaeozoology in wildlife conservation and heritage management /</subfield>
         <subfield code="c">edited by Roel C.G.M. Lauwerier and Ina Plug.</subfield>
      </datafield>
      <datafield tag="260" ind1=" " ind2=" ">
         <subfield code="a">Oxford :</subfield>
         <subfield code="b">Oxbow Books ;</subfield>
         <subfield code="a">Oakville, CT :</subfield>
         <subfield code="b">David Brown Book Co.,</subfield>
         <subfield code="c">©2004.</subfield>
      </datafield>
      <datafield tag="300" ind1=" " ind2=" ">
         <subfield code="a">viii, 175 pages :</subfield>
         <subfield code="b">illustrations, maps ;</subfield>
         <subfield code="c">30 cm</subfield>
      </datafield>
      <datafield tag="336" ind1=" " ind2=" ">
         <subfield code="a">text</subfield>
         <subfield code="b">txt</subfield>
         <subfield code="2">rdacontent</subfield>
      </datafield>
      <datafield tag="337" ind1=" " ind2=" ">
         <subfield code="a">unmediated</subfield>
         <subfield code="b">n</subfield>
         <subfield code="2">rdamedia</subfield>
      </datafield>
      <datafield tag="338" ind1=" " ind2=" ">
         <subfield code="a">volume</subfield>
         <subfield code="b">nc</subfield>
         <subfield code="2">rdacarrier</subfield>
      </datafield>
      <datafield tag="500" ind1=" " ind2=" ">
         <subfield code="a">"Proceedings of the 9th Conference of the International Council of Archaeozoology, Durham, August 2002."</subfield>
      </datafield>
      <datafield tag="504" ind1=" " ind2=" ">
         <subfield code="a">Includes bibliographical references.</subfield>
      </datafield>
      <datafield tag="505" ind1="0" ind2="0">
         <subfield code="t">Preface /</subfield>
         <subfield code="r">Peter Rowley-Conwy, Umberto Albarella, Keith Dobney --</subfield>
         <subfield code="t">Zooarchaeology in Nature Conservation and Heritage Management /</subfield>
         <subfield code="r">Ina Plug, Roel C.G.M. Lauwerier --</subfield>
         <subfield code="t">Zooarchaeology and Wildlife Conservation Issues --</subfield>
         <subfield code="t">Pristine Benchmarks and Indigenous Conservation? Implications from California Zooarchaeology /</subfield>
         <subfield code="r">Jack M. Broughton --</subfield>
         <subfield code="t">The Use of Archaeofaunal Data in Fish Management /</subfield>
         <subfield code="r">Elizabeth J. Reitz --</subfield>
         <subfield code="t">Holocene Faunas of the Eastern Sahara: Zoogeographical and Palaeoecological Aspects /</subfield>
         <subfield code="r">Joris Peter, Nadja Pollath --</subfield>
         <subfield code="t">Influence of Climate on Sexual Segregation and Cub Mortality in Peniglacial Cave Bear /</subfield>
         <subfield code="r">Mietje Germonpre --</subfield>
         <subfield code="t">A Zooarchaeological Reassessment of the Habitat and Ecology of the Ibex (Capra ibex) /</subfield>
         <subfield code="r">Nellie Phoca-Cosmetatou --</subfield>
         <subfield code="t">Zooarchaeological Research in Support of a Reintroduction of Bison to Banff National Park, Canada /</subfield>
         <subfield code="r">E. Gwyn Langemann --</subfield>
         <subfield code="t">The Interface between Conservation Biology, Palaeontology and Archaeozoology: Morphometrics and Population Viability Analysis /</subfield>
         <subfield code="r">Hannah J. O'Regan, Alan Turner --</subfield>
         <subfield code="t">Hunting in Medieval Moldavia: Archaeozoological Data /</subfield>
         <subfield code="r">Luminita Bejenaru, Carmen Tarcan, Simina Stanc --</subfield>
         <subfield code="t">Marine Turtles of the Past: A Vision for The Future /</subfield>
         <subfield code="r">Jack Frazier --</subfield>
         <subfield code="t">Archaeozoology, Law Enforcement and Nature Conservation in the Republic of South Africa: Perspectives from the Transvall Museum, Pretoria /</subfield>
         <subfield code="r">Shaw Badenhorst, Ina Plug.</subfield>
         <subfield code="t">Archaeozoology and Heritage Management.</subfield>
      </datafield>
      <datafield tag="650" ind1=" " ind2="0">
         <subfield code="a">Animal remains (Archaeology)</subfield>
         <subfield code="v">Congresses.</subfield>
      </datafield>
      <datafield tag="650" ind1=" " ind2="0">
         <subfield code="a">Environmental archaeology</subfield>
         <subfield code="v">Congresses.</subfield>
      </datafield>
      <datafield tag="650" ind1=" " ind2="7">
         <subfield code="a">Animal remains (Archaeology)</subfield>
         <subfield code="2">fast</subfield>
         <subfield code="0">(OCoLC)fst00809354</subfield>
      </datafield>
      <datafield tag="650" ind1=" " ind2="7">
         <subfield code="a">Environmental archaeology.</subfield>
         <subfield code="2">fast</subfield>
         <subfield code="0">(OCoLC)fst00912853</subfield>
      </datafield>
      <datafield tag="650" ind1="1" ind2="7">
         <subfield code="a">Paleozoölogie.</subfield>
         <subfield code="2">gtt</subfield>
      </datafield>
      <datafield tag="650" ind1="1" ind2="7">
         <subfield code="a">Natuurbehoud.</subfield>
         <subfield code="2">gtt</subfield>
      </datafield>
      <datafield tag="650" ind1="1" ind2="7">
         <subfield code="a">Archeologische aspecten.</subfield>
         <subfield code="2">gtt</subfield>
      </datafield>
      <datafield tag="655" ind1=" " ind2="7">
         <subfield code="a">Conference papers and proceedings.</subfield>
         <subfield code="2">fast</subfield>
         <subfield code="0">(OCoLC)fst01423772</subfield>
      </datafield>
      <datafield tag="700" ind1="1" ind2=" ">
         <subfield code="a">Lauwerier, Roel C. G. M.</subfield>
         <subfield code="q">(Roel Charles Gerard Maria),</subfield>
         <subfield code="d">1953-</subfield>
      </datafield>
      <datafield tag="700" ind1="1" ind2=" ">
         <subfield code="a">Plug, Ina.</subfield>
      </datafield>
      <datafield tag="776" ind1="0" ind2="8">
         <subfield code="i">Online version:</subfield>
         <subfield code="a">International Council for Archaeozoology. Conference (9th : 2002 : Durham, England).</subfield>
         <subfield code="t">Future from the past.</subfield>
         <subfield code="d">Oxford : Oxbow Books ; Oakville, CT : David Brown Book Co., ©2004</subfield>
         <subfield code="w">(OCoLC)624552463</subfield>
      </datafield>
      <datafield tag="OWN" ind1=" " ind2=" ">
         <subfield code="a">GENERAL</subfield>
      </datafield>
      <datafield tag="AVA" ind1=" " ind2=" ">
         <subfield code="a">NYU50</subfield>
         <subfield code="b">NISAW</subfield>
         <subfield code="c">Large Collection</subfield>
         <subfield code="d">CC79.5.A5 I56 2002 Non-circulating</subfield>
         <subfield code="e">available</subfield>
         <subfield code="t">Available</subfield>
         <subfield code="f">1</subfield>
         <subfield code="g">0</subfield>
         <subfield code="h">N</subfield>
         <subfield code="i">0</subfield>
         <subfield code="j">LARGE</subfield>
         <subfield code="k">0</subfield>
      </datafield>
      <marc:datafield tag="852" ind1=" " ind2=" ">
         <marc:subfield code="b">Institute for the Study of the Ancient World, </marc:subfield>
         <marc:subfield code="c">Large Collection</marc:subfield>
         <marc:subfield code="e">15 East 84th St., </marc:subfield>
         <marc:subfield code="e">New York, NY  10028</marc:subfield>
      </marc:datafield>
   </record>