
  
  
  
  
  
  
  
  
  
  
  
  
  
 
  
  <record xsi:schemaLocation="http://www.loc.gov/MARC21/slim http://www.loc.gov/standards/marcxml/schema/MARC21slim.xsd">
      <leader>00000cam a22      i 4500</leader>
      <controlfield tag="FMT">BK</controlfield>
      <controlfield tag="LDR">00000cam a22      i 4500</controlfield>
      <controlfield tag="001">005999499</controlfield>
      <controlfield tag="005">20180221073112.0</controlfield>
      <controlfield tag="008">180214s2014    enkabe   b    100 0 eng</controlfield>
      <datafield tag="010" ind1=" " ind2=" ">
         <subfield code="a">2014007701</subfield>
      </datafield>
      <datafield tag="020" ind1=" " ind2=" ">
         <subfield code="a">9781782973973</subfield>
         <subfield code="q">(hardcover edition ;</subfield>
         <subfield code="q">alkaline paper)</subfield>
      </datafield>
      <datafield tag="020" ind1=" " ind2=" ">
         <subfield code="a">1782973974</subfield>
         <subfield code="q">(hardcover edition ;</subfield>
         <subfield code="q">alkaline paper)</subfield>
      </datafield>
      <datafield tag="020" ind1=" " ind2=" ">
         <subfield code="z">9781782973980</subfield>
         <subfield code="q">(digital edition)</subfield>
      </datafield>
      <datafield tag="035" ind1=" " ind2=" ">
         <subfield code="a">(OCoLC)863193502</subfield>
         <subfield code="z">(OCoLC)863033320</subfield>
      </datafield>
      <datafield tag="040" ind1=" " ind2=" ">
         <subfield code="a">DLC</subfield>
         <subfield code="b">eng</subfield>
         <subfield code="e">rda</subfield>
         <subfield code="c">DLC</subfield>
         <subfield code="d">YDX</subfield>
         <subfield code="d">BTCTA</subfield>
         <subfield code="d">YDXCP</subfield>
         <subfield code="d">CHVBK</subfield>
         <subfield code="d">OCLCF</subfield>
         <subfield code="d">OCLCO</subfield>
         <subfield code="d">OCLCQ</subfield>
         <subfield code="d">COO</subfield>
         <subfield code="d">OCLCA</subfield>
         <subfield code="d">DHA</subfield>
         <subfield code="d">NNU</subfield>
      </datafield>
      <datafield tag="042" ind1=" " ind2=" ">
         <subfield code="a">pcc</subfield>
      </datafield>
      <datafield tag="043" ind1=" " ind2=" ">
         <subfield code="a">ff-----</subfield>
         <subfield code="a">e------</subfield>
         <subfield code="a">aw-----</subfield>
         <subfield code="a">mm-----</subfield>
      </datafield>
      <datafield tag="050" ind1="0" ind2="0">
         <subfield code="a">HD9624.G553</subfield>
         <subfield code="b">R666 2014</subfield>
      </datafield>
      <datafield tag="079" ind1=" " ind2=" ">
         <subfield code="a">(OCoLC)863193502</subfield>
      </datafield>
      <datafield tag="082" ind1="0" ind2="0">
         <subfield code="a">338.4/7666109409021</subfield>
         <subfield code="2">23</subfield>
      </datafield>
      <datafield tag="084" ind1=" " ind2=" ">
         <subfield code="a">338.47666109409021</subfield>
         <subfield code="2">23</subfield>
      </datafield>
      <datafield tag="245" ind1="0" ind2="0">
         <subfield code="a">Neighbours and successors of Rome :</subfield>
         <subfield code="b">traditions of glass production and use in Europe and the Middle East in the later 1st millennium AD /</subfield>
         <subfield code="c">edited by Daniel Keller, Jennifer Price and Caroline Jackson.</subfield>
      </datafield>
      <datafield tag="250" ind1=" " ind2=" ">
         <subfield code="a">First edition.</subfield>
      </datafield>
      <datafield tag="264" ind1=" " ind2="1">
         <subfield code="a">Oxford :</subfield>
         <subfield code="b">Oxbow Books,</subfield>
         <subfield code="c">2014.</subfield>
      </datafield>
      <datafield tag="300" ind1=" " ind2=" ">
         <subfield code="a">viii, 231 pages :</subfield>
         <subfield code="b">illustrations, maps, plans ;</subfield>
         <subfield code="c">29 cm</subfield>
      </datafield>
      <datafield tag="336" ind1=" " ind2=" ">
         <subfield code="a">text</subfield>
         <subfield code="b">txt</subfield>
         <subfield code="2">rdacontent</subfield>
      </datafield>
      <datafield tag="337" ind1=" " ind2=" ">
         <subfield code="a">unmediated</subfield>
         <subfield code="b">n</subfield>
         <subfield code="2">rdamedia</subfield>
      </datafield>
      <datafield tag="338" ind1=" " ind2=" ">
         <subfield code="a">volume</subfield>
         <subfield code="b">nc</subfield>
         <subfield code="2">rdacarrier</subfield>
      </datafield>
      <datafield tag="500" ind1=" " ind2=" ">
         <subfield code="a">Papers presented at a conference organized by the Association for the History of Glass, held at King's Manor, York, 19-20 May 2011.</subfield>
      </datafield>
      <datafield tag="504" ind1=" " ind2=" ">
         <subfield code="a">Includes bibliographical references.</subfield>
      </datafield>
      <datafield tag="520" ind1=" " ind2=" ">
         <subfield code="a">"Neighbours and Successors of Rome investigates development in the production of glass and the mechanisms of the wider glass economy as part of a wider material culture in Europe and the Near East around the later first millennium AD. Though highlighting and solidifying chronology, patterns of distribution, and typology, the primary aims of the collection are to present a new methodology that emphasises regional workshops, scientific data, and the wider trade culture"--</subfield>
         <subfield code="c">Provided by publisher.</subfield>
      </datafield>
      <datafield tag="505" ind1="0" ind2=" ">
         <subfield code="a">Glass from the later first millennium AD : current state of research / Daniel Keller, Jennifer Price and Caroline Jackson -- The last Roman glass in Britain : recycling at the periphery of the empire / Caroline Jackson and Harriet Foster -- Opaque yellow glass production in the early medieval period : new evidence / James R.N. Peake and Ian C. Freestone -- The vessel glass assemblage from Anglo-Saxon occupation at West Heslerton, North Yorkshire / Rose Broadley -- Glassworking at Whitby Abbey and Kirkdale Minster in North Yorkshire / Sarah Paynter, Sarah Jennings and Jennifer Price -- Glass workshops in northern Gaul and the Rhineland in the first millennium AD as hints of a changing land use, including some results of the chemical analyses of glass from Mayen / Martin Grünewald and Sonngard Hartmann -- Campanulate bowls from Gallaecia : evidence for regional glass production in late antiquity / Mário da Cruz -- The Wilshere Collection of late Roman gold-glass at the Ashmolean Museum, University of Oxford / Susan Walker -- The "proto-history" of Venetian glassmaking / David Whitehouse -- Late Roman glass from South Pannonia and the problem of its origin / Mia Leljak -- Glass supply and consumption in the late Roman and early Byzantine site Dichin, northern Bulgaria / Thilo Rehren and Anastasia Cholakova -- An early Christian glass workshop at 45, Vasileos Irakleiou Street in the centre of Thessaloniki / Anastassios Ch. Antonaras -- Glass tesserae from Hagios Polyeuktos, Constantinople : their early Byzantine affiliations / Nadine Schibille and Judith McKenzie -- Successors of Rome? : Byzantine glass mosaics / Liz James -- Glass from the Byzantine palace at Ephesus in Turkey / Sylvia Fünfschilling -- Late Roman and early Byzantine glass from Heliopolis/Baalbek / Hanna Hamel and Susanne Greiff -- Changes in glass supply in southern Jordan in the later first millennium AD / Susanne Greiff and Daniel Keller --</subfield>
      </datafield>
      <datafield tag="505" ind1="0" ind2=" ">
         <subfield code="a">Egyptian glass abroad : HIMT glass and its markets / Marie-Dominique Nenna -- Continuity and change in Byzantine and early Islamic glass from Syene/Aswan and Elephantine, Egypt / Daniel Keller -- Sasanian glass : an overview / St John Simpson.</subfield>
      </datafield>
      <datafield tag="650" ind1=" " ind2="0">
         <subfield code="a">Glassware industry</subfield>
         <subfield code="z">Rome</subfield>
         <subfield code="x">History</subfield>
         <subfield code="y">To 1500</subfield>
         <subfield code="v">Congresses.</subfield>
      </datafield>
      <datafield tag="650" ind1=" " ind2="0">
         <subfield code="a">Glassware industry</subfield>
         <subfield code="z">Byzantine Empire</subfield>
         <subfield code="x">History</subfield>
         <subfield code="y">To 1500</subfield>
         <subfield code="v">Congresses.</subfield>
      </datafield>
      <datafield tag="650" ind1=" " ind2="0">
         <subfield code="a">Glassware industry</subfield>
         <subfield code="z">Europe</subfield>
         <subfield code="x">History</subfield>
         <subfield code="y">To 1500</subfield>
         <subfield code="v">Congresses.</subfield>
      </datafield>
      <datafield tag="650" ind1=" " ind2="0">
         <subfield code="a">Glass manufacture</subfield>
         <subfield code="z">Rome</subfield>
         <subfield code="x">History</subfield>
         <subfield code="y">To 1500</subfield>
         <subfield code="v">Congresses.</subfield>
      </datafield>
      <datafield tag="650" ind1=" " ind2="0">
         <subfield code="a">Glass manufacture</subfield>
         <subfield code="z">Byzantine Empire</subfield>
         <subfield code="x">History</subfield>
         <subfield code="y">To 1500</subfield>
         <subfield code="v">Congresses.</subfield>
      </datafield>
      <datafield tag="650" ind1=" " ind2="0">
         <subfield code="a">Glass manufacture</subfield>
         <subfield code="z">Europe</subfield>
         <subfield code="x">History</subfield>
         <subfield code="y">To 1500</subfield>
         <subfield code="v">Congresses.</subfield>
      </datafield>
      <datafield tag="650" ind1=" " ind2="0">
         <subfield code="a">Glassware, Roman</subfield>
         <subfield code="v">Congresses.</subfield>
      </datafield>
      <datafield tag="650" ind1=" " ind2="0">
         <subfield code="a">Glassware, Byzantine</subfield>
         <subfield code="v">Congresses.</subfield>
      </datafield>
      <datafield tag="650" ind1=" " ind2="0">
         <subfield code="a">Glassware</subfield>
         <subfield code="z">Europe</subfield>
         <subfield code="v">Congresses.</subfield>
      </datafield>
      <datafield tag="650" ind1=" " ind2="0">
         <subfield code="a">Glassware, Medieval</subfield>
         <subfield code="v">Congresses.</subfield>
      </datafield>
      <datafield tag="650" ind1=" " ind2="7">
         <subfield code="a">Glass manufacture.</subfield>
         <subfield code="2">fast</subfield>
         <subfield code="0">(OCoLC)fst00943191</subfield>
      </datafield>
      <datafield tag="650" ind1=" " ind2="7">
         <subfield code="a">Glassware.</subfield>
         <subfield code="2">fast</subfield>
         <subfield code="0">(OCoLC)fst00943304</subfield>
      </datafield>
      <datafield tag="650" ind1=" " ind2="7">
         <subfield code="a">Glassware, Byzantine.</subfield>
         <subfield code="2">fast</subfield>
         <subfield code="0">(OCoLC)fst00943342</subfield>
      </datafield>
      <datafield tag="650" ind1=" " ind2="7">
         <subfield code="a">Glassware industry.</subfield>
         <subfield code="2">fast</subfield>
         <subfield code="0">(OCoLC)fst00943334</subfield>
      </datafield>
      <datafield tag="650" ind1=" " ind2="7">
         <subfield code="a">Glassware, Medieval.</subfield>
         <subfield code="2">fast</subfield>
         <subfield code="0">(OCoLC)fst00943352</subfield>
      </datafield>
      <datafield tag="650" ind1=" " ind2="7">
         <subfield code="a">Glassware, Roman.</subfield>
         <subfield code="2">fast</subfield>
         <subfield code="0">(OCoLC)fst01199969</subfield>
      </datafield>
      <datafield tag="651" ind1=" " ind2="7">
         <subfield code="a">Byzantine Empire.</subfield>
         <subfield code="2">fast</subfield>
         <subfield code="0">(OCoLC)fst01209292</subfield>
      </datafield>
      <datafield tag="651" ind1=" " ind2="7">
         <subfield code="a">Europe.</subfield>
         <subfield code="2">fast</subfield>
         <subfield code="0">(OCoLC)fst01245064</subfield>
      </datafield>
      <datafield tag="651" ind1=" " ind2="7">
         <subfield code="a">Rome (Empire)</subfield>
         <subfield code="2">fast</subfield>
         <subfield code="0">(OCoLC)fst01204885</subfield>
      </datafield>
      <datafield tag="650" ind1=" " ind2="7">
         <subfield code="a">Glas.</subfield>
         <subfield code="0">(DE-588)4021142-3</subfield>
         <subfield code="2">gnd</subfield>
      </datafield>
      <datafield tag="650" ind1=" " ind2="7">
         <subfield code="a">Glasherstellung.</subfield>
         <subfield code="0">(DE-588)4157441-2</subfield>
         <subfield code="2">gnd</subfield>
      </datafield>
      <datafield tag="651" ind1=" " ind2="7">
         <subfield code="a">Europa.</subfield>
         <subfield code="0">(DE-588)4015701-5</subfield>
         <subfield code="2">gnd</subfield>
      </datafield>
      <datafield tag="651" ind1=" " ind2="7">
         <subfield code="a">Naher Osten.</subfield>
         <subfield code="0">(DE-588)4068878-1</subfield>
         <subfield code="2">gnd</subfield>
      </datafield>
      <datafield tag="648" ind1=" " ind2="7">
         <subfield code="a">To 1500.</subfield>
         <subfield code="2">fast</subfield>
      </datafield>
      <datafield tag="655" ind1=" " ind2="7">
         <subfield code="a">Conference papers and proceedings.</subfield>
         <subfield code="2">fast</subfield>
         <subfield code="0">(OCoLC)fst01423772</subfield>
      </datafield>
      <datafield tag="655" ind1=" " ind2="7">
         <subfield code="a">History.</subfield>
         <subfield code="2">fast</subfield>
         <subfield code="0">(OCoLC)fst01411628</subfield>
      </datafield>
      <datafield tag="700" ind1="1" ind2=" ">
         <subfield code="a">Keller, Daniel,</subfield>
         <subfield code="d">1970-</subfield>
         <subfield code="e">compiler of edition.</subfield>
      </datafield>
      <datafield tag="700" ind1="1" ind2=" ">
         <subfield code="a">Price, J.</subfield>
         <subfield code="q">(A. Jennifer),</subfield>
         <subfield code="e">compiler of edition.</subfield>
      </datafield>
      <datafield tag="700" ind1="1" ind2=" ">
         <subfield code="a">Jackson, Caroline M.,</subfield>
         <subfield code="e">compiler of edition.</subfield>
      </datafield>
      <datafield tag="776" ind1="0" ind2="8">
         <subfield code="i">Online version:</subfield>
         <subfield code="t">Neighbours and successors of Rome.</subfield>
         <subfield code="b">First edition.</subfield>
         <subfield code="d">Oxford : Oxbow Books, [2014]</subfield>
         <subfield code="z">9781782973980</subfield>
         <subfield code="w">(DLC) 2014013870</subfield>
      </datafield>
      <datafield tag="OWN" ind1=" " ind2=" ">
         <subfield code="a">GENERAL</subfield>
      </datafield>
      <datafield tag="AVA" ind1=" " ind2=" ">
         <subfield code="a">NYU50</subfield>
         <subfield code="b">NISAW</subfield>
         <subfield code="c">Large Collection</subfield>
         <subfield code="d">HD9624.G553 R666 2014 Non-circulating</subfield>
         <subfield code="e">available</subfield>
         <subfield code="t">Available</subfield>
         <subfield code="f">1</subfield>
         <subfield code="g">0</subfield>
         <subfield code="h">N</subfield>
         <subfield code="i">0</subfield>
         <subfield code="j">LARGE</subfield>
         <subfield code="k">0</subfield>
      </datafield>
      <marc:datafield tag="852" ind1=" " ind2=" ">
         <marc:subfield code="b">Institute for the Study of the Ancient World, </marc:subfield>
         <marc:subfield code="c">Large Collection</marc:subfield>
         <marc:subfield code="e">15 East 84th St., </marc:subfield>
         <marc:subfield code="e">New York, NY  10028</marc:subfield>
      </marc:datafield>
   </record>