
  
  
  
  
  
  
  
  
  
  
  
  
  
  
 
  
  <record xsi:schemaLocation="http://www.loc.gov/MARC21/slim http://www.loc.gov/standards/marcxml/schema/MARC21slim.xsd">
      <leader>00000cam a2200421Mi 4500</leader>
      <controlfield tag="FMT">BK</controlfield>
      <controlfield tag="LDR">00000cam a2200421Mi 4500</controlfield>
      <controlfield tag="001">002675450</controlfield>
      <controlfield tag="003">OCoLC</controlfield>
      <controlfield tag="005">20180216152752.0</controlfield>
      <controlfield tag="008">810417m19789999fr f     bc   001 0 fre d</controlfield>
      <datafield tag="020" ind1=" " ind2=" ">
         <subfield code="a">2717714367</subfield>
         <subfield code="q">(set)</subfield>
      </datafield>
      <datafield tag="020" ind1=" " ind2=" ">
         <subfield code="a">9782717714364</subfield>
         <subfield code="q">(set)</subfield>
      </datafield>
      <datafield tag="020" ind1=" " ind2=" ">
         <subfield code="a">2717718907</subfield>
         <subfield code="q">(v. 1)</subfield>
      </datafield>
      <datafield tag="020" ind1=" " ind2=" ">
         <subfield code="a">9782717718904</subfield>
         <subfield code="q">(v. 1)</subfield>
      </datafield>
      <datafield tag="020" ind1=" " ind2=" ">
         <subfield code="a">2717714375</subfield>
         <subfield code="q">(v. 2)</subfield>
      </datafield>
      <datafield tag="020" ind1=" " ind2=" ">
         <subfield code="a">9782717714371</subfield>
         <subfield code="q">(v. 2)</subfield>
      </datafield>
      <datafield tag="035" ind1=" " ind2=" ">
         <subfield code="a">(OCoLC)192108820</subfield>
      </datafield>
      <datafield tag="040" ind1=" " ind2=" ">
         <subfield code="a">OClMA</subfield>
         <subfield code="b">eng</subfield>
         <subfield code="c">MZA</subfield>
         <subfield code="d">CLU</subfield>
         <subfield code="d">OCLCO</subfield>
         <subfield code="d">OCLCQ</subfield>
         <subfield code="d">OCLCA</subfield>
      </datafield>
      <datafield tag="043" ind1=" " ind2=" ">
         <subfield code="a">e-fr---</subfield>
         <subfield code="a">a-ir---</subfield>
      </datafield>
      <datafield tag="050" ind1="1" ind2="4">
         <subfield code="a">CD5344</subfield>
         <subfield code="b">.C37</subfield>
      </datafield>
      <datafield tag="090" ind1=" " ind2=" ">
         <subfield code="a">CD5344</subfield>
         <subfield code="b">.C37</subfield>
         <subfield code="i">08/13/84 CT</subfield>
      </datafield>
      <datafield tag="110" ind1="2" ind2=" ">
         <subfield code="a">Bibliothèque nationale (France)</subfield>
      </datafield>
      <datafield tag="245" ind1="1" ind2="0">
         <subfield code="a">Catalogue des sceaux, camées et bulles sasanides [i.e. sassanides] de la Bibliothèque Nationale et du Musée du Louvre.</subfield>
      </datafield>
      <datafield tag="260" ind1=" " ind2=" ">
         <subfield code="a">Paris :</subfield>
         <subfield code="b">La Bibliothèque,</subfield>
         <subfield code="c">©1978-&lt;1993&gt;</subfield>
      </datafield>
      <datafield tag="300" ind1=" " ind2=" ">
         <subfield code="a">volumes, pages of plates ;</subfield>
         <subfield code="c">31 cm</subfield>
      </datafield>
      <datafield tag="336" ind1=" " ind2=" ">
         <subfield code="a">text</subfield>
         <subfield code="b">txt</subfield>
         <subfield code="2">rdacontent</subfield>
      </datafield>
      <datafield tag="337" ind1=" " ind2=" ">
         <subfield code="a">unmediated</subfield>
         <subfield code="b">n</subfield>
         <subfield code="2">rdamedia</subfield>
      </datafield>
      <datafield tag="338" ind1=" " ind2=" ">
         <subfield code="a">volume</subfield>
         <subfield code="b">nc</subfield>
         <subfield code="2">rdacarrier</subfield>
      </datafield>
      <datafield tag="500" ind1=" " ind2=" ">
         <subfield code="a">Objects discussed which are from the collection of the Louvre are housed in the Bibliothèque Nationale, Cabinet des Médailles.</subfield>
      </datafield>
      <datafield tag="500" ind1=" " ind2=" ">
         <subfield code="a">ISAW copy is from the library of F. Gordon Frost.</subfield>
         <subfield code="5">NyNyUAW</subfield>
      </datafield>
      <datafield tag="504" ind1=" " ind2=" ">
         <subfield code="a">Includes bibliography, glossary, and index.</subfield>
      </datafield>
      <datafield tag="505" ind1="1" ind2="0">
         <subfield code="g">v. 1</subfield>
         <subfield code="t">Catalogue des sceaux, camées et bulles sassanides /</subfield>
         <subfield code="r">Rika Gyselen --</subfield>
         <subfield code="g">v. 2.</subfield>
         <subfield code="t">Les sceaux et bulles inscrits /</subfield>
         <subfield code="r">par Philippe Gignoux.</subfield>
      </datafield>
      <datafield tag="583" ind1="1" ind2=" ">
         <subfield code="a">committed to retain</subfield>
         <subfield code="c">20160630</subfield>
         <subfield code="d">20310630</subfield>
         <subfield code="f">EAST</subfield>
         <subfield code="h">Elmer Holmes Bobst Library</subfield>
         <subfield code="z">This title retained by New York University Libraries on behalf of the Eastern Academic Scholars Trust (EAST)</subfield>
         <subfield code="5">NNU</subfield>
      </datafield>
      <datafield tag="610" ind1="2" ind2="0">
         <subfield code="a">Bibliothèque nationale (France).</subfield>
         <subfield code="b">Département des monnaies, médailles et antiques</subfield>
         <subfield code="v">Catalogs.</subfield>
      </datafield>
      <datafield tag="650" ind1=" " ind2="0">
         <subfield code="a">Seals, Sassanian</subfield>
         <subfield code="z">France.</subfield>
      </datafield>
      <datafield tag="650" ind1=" " ind2="0">
         <subfield code="a">Inscriptions, Sassanian.</subfield>
      </datafield>
      <datafield tag="700" ind1="1" ind2=" ">
         <subfield code="a">Gyselen, Rika.</subfield>
      </datafield>
      <datafield tag="700" ind1="1" ind2=" ">
         <subfield code="a">Gignoux, Philippe.</subfield>
         <subfield code="t">Sceaux et bulles inscrits.</subfield>
      </datafield>
      <datafield tag="700" ind1="1" ind2=" ">
         <subfield code="a">Frost, Gordon,</subfield>
         <subfield code="d">1935-2011,</subfield>
         <subfield code="e">former owner.</subfield>
         <subfield code="5">NyNyUAW</subfield>
      </datafield>
      <datafield tag="740" ind1="0" ind2=" ">
         <subfield code="a">Frost Numismatic Library.</subfield>
         <subfield code="5">NyNyUAW</subfield>
      </datafield>
      <datafield tag="710" ind1="2" ind2=" ">
         <subfield code="a">Bibliothèque nationale (France).</subfield>
         <subfield code="b">Département des monnaies, médailles et antiques.</subfield>
      </datafield>
      <datafield tag="710" ind1="2" ind2=" ">
         <subfield code="a">Musée du Louvre.</subfield>
      </datafield>
      <datafield tag="OWN" ind1=" " ind2=" ">
         <subfield code="a">GENERAL</subfield>
      </datafield>
      <datafield tag="950" ind1=" " ind2=" ">
         <subfield code="l">FStack</subfield>
         <subfield code="a">CD5344</subfield>
         <subfield code="b">.C37</subfield>
         <subfield code="i">08/13/84 C</subfield>
      </datafield>
      <datafield tag="AVA" ind1=" " ind2=" ">
         <subfield code="a">NYU50</subfield>
         <subfield code="b">BOBST</subfield>
         <subfield code="c">Main Collection</subfield>
         <subfield code="d">CD5344 .C37 Oversize</subfield>
         <subfield code="e">available</subfield>
         <subfield code="t">Available</subfield>
         <subfield code="f">2</subfield>
         <subfield code="g">0</subfield>
         <subfield code="h">Y</subfield>
         <subfield code="i">2</subfield>
         <subfield code="j">MAIN</subfield>
         <subfield code="k">0</subfield>
      </datafield>
      <datafield tag="AVA" ind1=" " ind2=" ">
         <subfield code="a">NYU50</subfield>
         <subfield code="b">NIFA</subfield>
         <subfield code="c">Main Collection</subfield>
         <subfield code="d">CD5344 .C37 Non-circulating</subfield>
         <subfield code="e">available</subfield>
         <subfield code="t">Available</subfield>
         <subfield code="f">2</subfield>
         <subfield code="g">0</subfield>
         <subfield code="h">Y</subfield>
         <subfield code="i">0</subfield>
         <subfield code="j">MAIN</subfield>
         <subfield code="k">0</subfield>
      </datafield>
      <datafield tag="AVA" ind1=" " ind2=" ">
         <subfield code="a">NYU50</subfield>
         <subfield code="b">NISAW</subfield>
         <subfield code="c">Large Collection</subfield>
         <subfield code="d">CD5344 .C37 Non-circulating</subfield>
         <subfield code="e">available</subfield>
         <subfield code="t">Available</subfield>
         <subfield code="f">1</subfield>
         <subfield code="g">0</subfield>
         <subfield code="h">Y</subfield>
         <subfield code="i">0</subfield>
         <subfield code="j">LARGE</subfield>
         <subfield code="k">0</subfield>
      </datafield>
      <marc:datafield tag="852" ind1=" " ind2=" ">
         <marc:subfield code="b">Institute for the Study of the Ancient World, </marc:subfield>
         <marc:subfield code="c">Large Collection</marc:subfield>
         <marc:subfield code="e">15 East 84th St., </marc:subfield>
         <marc:subfield code="e">New York, NY  10028</marc:subfield>
      </marc:datafield>
   </record>