
  
  
  
  
  
  
  
  
  
  
  
  
  
 
  
  <record xsi:schemaLocation="http://www.loc.gov/MARC21/slim http://www.loc.gov/standards/marcxml/schema/MARC21slim.xsd">
      <leader>00000cam a22004571i 4500</leader>
      <controlfield tag="FMT">BK</controlfield>
      <controlfield tag="LDR">00000cam a22004571i 4500</controlfield>
      <controlfield tag="001">002528283</controlfield>
      <controlfield tag="003">OCoLC</controlfield>
      <controlfield tag="005">20180216133544.0</controlfield>
      <controlfield tag="008">770906s1927    gw            000 0 ger</controlfield>
      <datafield tag="010" ind1=" " ind2=" ">
         <subfield code="a">29029180</subfield>
      </datafield>
      <datafield tag="035" ind1=" " ind2=" ">
         <subfield code="a">(OCoLC)3244753</subfield>
      </datafield>
      <datafield tag="040" ind1=" " ind2=" ">
         <subfield code="a">DLC</subfield>
         <subfield code="b">eng</subfield>
         <subfield code="e">rda</subfield>
         <subfield code="c">DLC</subfield>
         <subfield code="d">TJC</subfield>
         <subfield code="d">HCH</subfield>
         <subfield code="d">CLU</subfield>
         <subfield code="d">LXL</subfield>
         <subfield code="d">OCLCF</subfield>
         <subfield code="d">OCLCQ</subfield>
         <subfield code="d">OCLCO</subfield>
         <subfield code="d">OCLCQ</subfield>
         <subfield code="d">ZYU</subfield>
      </datafield>
      <datafield tag="041" ind1="1" ind2=" ">
         <subfield code="a">ger</subfield>
         <subfield code="a">grc</subfield>
         <subfield code="h">grc</subfield>
      </datafield>
      <datafield tag="042" ind1=" " ind2=" ">
         <subfield code="a">premarc</subfield>
      </datafield>
      <datafield tag="043" ind1=" " ind2=" ">
         <subfield code="a">f-ua---</subfield>
      </datafield>
      <datafield tag="050" ind1="0" ind2="0">
         <subfield code="a">AS182</subfield>
         <subfield code="b">.H435 no. 7</subfield>
      </datafield>
      <datafield tag="050" ind1=" " ind2="4">
         <subfield code="a">PA3308</subfield>
         <subfield code="b">.P378 1927</subfield>
      </datafield>
      <datafield tag="079" ind1=" " ind2=" ">
         <subfield code="a">(OCoLC)3244753</subfield>
      </datafield>
      <datafield tag="090" ind1=" " ind2=" ">
         <subfield code="a">PA3308</subfield>
         <subfield code="b">.P378 1927</subfield>
         <subfield code="i">03/21/90 CT</subfield>
      </datafield>
      <datafield tag="100" ind1="1" ind2=" ">
         <subfield code="a">Partsch, Josef,</subfield>
         <subfield code="d">1882-1925,</subfield>
         <subfield code="e">editor.</subfield>
      </datafield>
      <datafield tag="245" ind1="1" ind2="0">
         <subfield code="a">Juristische Urkunden der Ptolemäerzeit /</subfield>
         <subfield code="c">bearbeitet von Josef Partsch; mit einem Vorwort und einem Anhang herausgegeben von Ulrich Wilcken; vorgelegt von Otto Gradenwitz.</subfield>
      </datafield>
      <datafield tag="264" ind1=" " ind2="1">
         <subfield code="a">Heidelberg :</subfield>
         <subfield code="b">Carl Winter's Universitätsbuchhandlung,</subfield>
         <subfield code="c">1927.</subfield>
      </datafield>
      <datafield tag="300" ind1=" " ind2=" ">
         <subfield code="a">ix, 112 pages</subfield>
         <subfield code="c">30 cm.</subfield>
      </datafield>
      <datafield tag="336" ind1=" " ind2=" ">
         <subfield code="a">text</subfield>
         <subfield code="b">txt</subfield>
         <subfield code="2">rdacontent</subfield>
      </datafield>
      <datafield tag="337" ind1=" " ind2=" ">
         <subfield code="a">unmediated</subfield>
         <subfield code="b">n</subfield>
         <subfield code="2">rdamedia</subfield>
      </datafield>
      <datafield tag="338" ind1=" " ind2=" ">
         <subfield code="a">volume</subfield>
         <subfield code="b">nc</subfield>
         <subfield code="2">rdacarrier</subfield>
      </datafield>
      <datafield tag="490" ind1="1" ind2=" ">
         <subfield code="a">Mitteilungen aus der Freiburger Papyrussammlung ;</subfield>
         <subfield code="v">3</subfield>
      </datafield>
      <datafield tag="490" ind1="1" ind2=" ">
         <subfield code="a">Abhandlungen der Heidelberger Akademie der Wissenschaften, Philosophisch-Historische Klasse,</subfield>
         <subfield code="v">[Jahrg, 1927], 7. Abhandlung</subfield>
      </datafield>
      <datafield tag="510" ind1="4" ind2=" ">
         <subfield code="a">Checklist of Editions of Greek, Latin, Demotic, and Coptic Papyri, Ostraca, and Tablets,</subfield>
         <subfield code="c">P.Freib. III</subfield>
      </datafield>
      <datafield tag="546" ind1=" " ind2=" ">
         <subfield code="a">Texts in Greek, translation and commentary in German.</subfield>
      </datafield>
      <datafield tag="650" ind1=" " ind2="0">
         <subfield code="a">Manuscripts, Greek (Papyri)</subfield>
         <subfield code="z">Egypt.</subfield>
      </datafield>
      <datafield tag="650" ind1=" " ind2="0">
         <subfield code="a">Law</subfield>
         <subfield code="z">Egypt</subfield>
         <subfield code="x">History.</subfield>
      </datafield>
      <datafield tag="651" ind1=" " ind2="7">
         <subfield code="a">Ancient Egypt (region)</subfield>
         <subfield code="2">pleiades</subfield>
         <subfield code="0">https://pleiades.stoa.org/places/981503</subfield>
      </datafield>
      <datafield tag="700" ind1="1" ind2=" ">
         <subfield code="a">Wilcken, Ulrich,</subfield>
         <subfield code="d">1862-1944,</subfield>
         <subfield code="e">contributor.</subfield>
      </datafield>
      <datafield tag="700" ind1="1" ind2=" ">
         <subfield code="a">Gradenwitz, Otto,</subfield>
         <subfield code="d">1860-1935,</subfield>
         <subfield code="e">collector.</subfield>
      </datafield>
      <datafield tag="740" ind1="0" ind2=" ">
         <subfield code="a">P.Freib. III</subfield>
      </datafield>
      <datafield tag="740" ind1="0" ind2=" ">
         <subfield code="a">P.Freib. 3</subfield>
      </datafield>
      <datafield tag="830" ind1=" " ind2="0">
         <subfield code="a">Mitteilungen aus der Freiburger Papyrussammlung ;</subfield>
         <subfield code="v">3.</subfield>
      </datafield>
      <datafield tag="830" ind1=" " ind2="0">
         <subfield code="a">Abhandlungen der Heidelberger Akademie der Wissenschaften, Philosophisch-Historische Klasse ;</subfield>
         <subfield code="v">Jahrg. 1927, 7. Abhandlung.</subfield>
      </datafield>
      <datafield tag="OWN" ind1=" " ind2=" ">
         <subfield code="a">GENERAL</subfield>
      </datafield>
      <datafield tag="950" ind1=" " ind2=" ">
         <subfield code="l">BMAIN</subfield>
         <subfield code="a">AS182</subfield>
         <subfield code="b">.H435 Jahrg. 1927 Abh.7</subfield>
         <subfield code="d">\Oversize\</subfield>
         <subfield code="i">03/21/90 C</subfield>
         <subfield code="h">01/01/01 N</subfield>
      </datafield>
      <datafield tag="955" ind1=" " ind2=" ">
         <subfield code="l">BMAIN</subfield>
         <subfield code="c">1</subfield>
         <subfield code="r">014375300</subfield>
         <subfield code="u">Reclass from PA3343.H4A Abh.7</subfield>
         <subfield code="i">03/21/90 C</subfield>
      </datafield>
      <datafield tag="998" ind1=" " ind2=" ">
         <subfield code="a">03/21/90</subfield>
         <subfield code="t">c</subfield>
         <subfield code="s">9665</subfield>
         <subfield code="n">NNU</subfield>
         <subfield code="w">UTBG20358822B</subfield>
         <subfield code="d">05/28/83</subfield>
         <subfield code="b">KY</subfield>
         <subfield code="i">900321</subfield>
         <subfield code="l">NYUG</subfield>
      </datafield>
      <datafield tag="AVA" ind1=" " ind2=" ">
         <subfield code="a">NYU50</subfield>
         <subfield code="b">BOBST</subfield>
         <subfield code="c">Main Collection</subfield>
         <subfield code="d">AS182 .H435 Jahrg. 1927 Abh.7 Oversize</subfield>
         <subfield code="e">unavailable</subfield>
         <subfield code="t">Unavailable</subfield>
         <subfield code="f">1</subfield>
         <subfield code="g">1</subfield>
         <subfield code="h">N</subfield>
         <subfield code="i">0</subfield>
         <subfield code="j">MAIN</subfield>
         <subfield code="k">0</subfield>
      </datafield>
      <datafield tag="AVA" ind1=" " ind2=" ">
         <subfield code="a">NYU50</subfield>
         <subfield code="b">NISAW</subfield>
         <subfield code="c">Large Collection</subfield>
         <subfield code="d">PA3308 .P378 1927 Non-circulating</subfield>
         <subfield code="e">available</subfield>
         <subfield code="t">Available</subfield>
         <subfield code="f">1</subfield>
         <subfield code="g">0</subfield>
         <subfield code="h">N</subfield>
         <subfield code="i">0</subfield>
         <subfield code="j">LARGE</subfield>
         <subfield code="k">0</subfield>
      </datafield>
      <marc:datafield tag="852" ind1=" " ind2=" ">
         <marc:subfield code="b">Institute for the Study of the Ancient World, </marc:subfield>
         <marc:subfield code="c">Large Collection</marc:subfield>
         <marc:subfield code="e">15 East 84th St., </marc:subfield>
         <marc:subfield code="e">New York, NY  10028</marc:subfield>
      </marc:datafield>
   </record>