
  
  
  
  
  
  
  
  
  
  
  
  
 
  
  <record xsi:schemaLocation="http://www.loc.gov/MARC21/slim http://www.loc.gov/standards/marcxml/schema/MARC21slim.xsd">
      <leader>00000cam a22     Ii 4500</leader>
      <controlfield tag="FMT">BK</controlfield>
      <controlfield tag="LDR">00000cam a22     Ii 4500</controlfield>
      <controlfield tag="001">006003152</controlfield>
      <controlfield tag="005">20180226122607.0</controlfield>
      <controlfield tag="006">p     q</controlfield>
      <controlfield tag="007">co co||||a||||</controlfield>
      <controlfield tag="008">180220s2017    gw abf   b    101 0 ger d</controlfield>
      <datafield tag="016" ind1="7" ind2=" ">
         <subfield code="a">1125644885</subfield>
         <subfield code="2">GyFmDB</subfield>
      </datafield>
      <datafield tag="020" ind1=" " ind2=" ">
         <subfield code="a">9783447107815</subfield>
         <subfield code="q">(hd.bd.)</subfield>
      </datafield>
      <datafield tag="020" ind1=" " ind2=" ">
         <subfield code="a">3447107812</subfield>
         <subfield code="q">(hd.bd.)</subfield>
      </datafield>
      <datafield tag="024" ind1="3" ind2=" ">
         <subfield code="a">9783447107815</subfield>
      </datafield>
      <datafield tag="035" ind1=" " ind2=" ">
         <subfield code="a">(OCoLC)1002072269</subfield>
         <subfield code="z">(OCoLC)1006481258</subfield>
         <subfield code="z">(OCoLC)1007156833</subfield>
         <subfield code="z">(OCoLC)1012406636</subfield>
         <subfield code="z">(OCoLC)1019812963</subfield>
      </datafield>
      <datafield tag="040" ind1=" " ind2=" ">
         <subfield code="a">OHX</subfield>
         <subfield code="b">eng</subfield>
         <subfield code="e">rda</subfield>
         <subfield code="c">OHX</subfield>
         <subfield code="d">EMT</subfield>
         <subfield code="d">OCLCF</subfield>
         <subfield code="d">PTS</subfield>
         <subfield code="d">YUS</subfield>
         <subfield code="d">OCLCA</subfield>
         <subfield code="d">ZCU</subfield>
         <subfield code="d">CUY</subfield>
         <subfield code="d">ZYU</subfield>
      </datafield>
      <datafield tag="041" ind1="0" ind2=" ">
         <subfield code="a">ger</subfield>
         <subfield code="a">eng</subfield>
      </datafield>
      <datafield tag="043" ind1=" " ind2=" ">
         <subfield code="a">a-is---</subfield>
         <subfield code="a">aw-----</subfield>
      </datafield>
      <datafield tag="050" ind1=" " ind2="4">
         <subfield code="a">DS111.7</subfield>
         <subfield code="b">.D48 2017</subfield>
      </datafield>
      <datafield tag="072" ind1=" " ind2="7">
         <subfield code="a">BL</subfield>
         <subfield code="2">lcco</subfield>
      </datafield>
      <datafield tag="110" ind1="2" ind2=" ">
         <subfield code="a">Deutscher Verein zur Erforschung Palästinas.</subfield>
         <subfield code="b">Kolloquium</subfield>
         <subfield code="d">(2014 :</subfield>
         <subfield code="c">Mainz, Rhineland-Palatinate, Germany),</subfield>
         <subfield code="e">author.</subfield>
      </datafield>
      <datafield tag="245" ind1="1" ind2="0">
         <subfield code="a">Zauber und Magie im antiken Palästina und in seiner Umwelt :</subfield>
         <subfield code="b">Kolloquium des Deutschen Vereins zur Erforschung Palästinas vom 14. bis 16. November 2014 in Mainz /</subfield>
         <subfield code="c">herausgegeben von Jens Kamlah, Rolf Schäfer und Markus Witte.</subfield>
      </datafield>
      <datafield tag="264" ind1=" " ind2="1">
         <subfield code="a">Wiesbaden :</subfield>
         <subfield code="b">Harrassowitz Verlag in Kommission,</subfield>
         <subfield code="c">2017.</subfield>
      </datafield>
      <datafield tag="300" ind1=" " ind2=" ">
         <subfield code="a">x, 565 pages, 17 unnumbered pages of plates :</subfield>
         <subfield code="b">illustrations, map ;</subfield>
         <subfield code="c">25 cm. +</subfield>
         <subfield code="e">1 CD-ROM (4 3/4 in.)</subfield>
      </datafield>
      <datafield tag="336" ind1=" " ind2=" ">
         <subfield code="a">text</subfield>
         <subfield code="b">txt</subfield>
         <subfield code="2">rdacontent</subfield>
      </datafield>
      <datafield tag="336" ind1=" " ind2=" ">
         <subfield code="a">still image</subfield>
         <subfield code="b">sti</subfield>
         <subfield code="2">rdacontent</subfield>
      </datafield>
      <datafield tag="337" ind1=" " ind2=" ">
         <subfield code="a">unmediated</subfield>
         <subfield code="b">n</subfield>
         <subfield code="2">rdamedia</subfield>
      </datafield>
      <datafield tag="337" ind1=" " ind2=" ">
         <subfield code="a">computer</subfield>
         <subfield code="b">c</subfield>
         <subfield code="2">rdamedia</subfield>
      </datafield>
      <datafield tag="338" ind1=" " ind2=" ">
         <subfield code="a">volume</subfield>
         <subfield code="b">nc</subfield>
         <subfield code="2">rdacarrier</subfield>
      </datafield>
      <datafield tag="338" ind1=" " ind2=" ">
         <subfield code="a">computer disc</subfield>
         <subfield code="b">cd</subfield>
         <subfield code="2">rdacarrier</subfield>
      </datafield>
      <datafield tag="490" ind1="1" ind2=" ">
         <subfield code="a">Abhandlungen des Deutschen Palästina-Vereins,</subfield>
         <subfield code="x">0173-1904 ;</subfield>
         <subfield code="v">Band 46</subfield>
      </datafield>
      <datafield tag="500" ind1=" " ind2=" ">
         <subfield code="a">International conference proceedings.</subfield>
      </datafield>
      <datafield tag="500" ind1=" " ind2=" ">
         <subfield code="a">Mixed media.</subfield>
      </datafield>
      <datafield tag="504" ind1=" " ind2=" ">
         <subfield code="a">Includes bibliographical references and indexes.</subfield>
      </datafield>
      <datafield tag="505" ind1="0" ind2=" ">
         <subfield code="a">Einleitung : Zauber und Magie im antiken Palästina und in seiner Umwelt / Jens Kamlah, Rolf Schäfer und Markus Witte -- Quellen des Bösen, Abwehrrituale und Erfolgsrezepte. Möglichkeiten und Grenzen einer Systematik der babylonisch-assyrischen Magie / Daniel Schwemer -- Hethitische Rituale / Doris Prechel -- Zauberschalen und ihre Umwelt. Das Schreibmedium Zauberschale / Christa Müller-Kessler -- Magic Bowls Belong in Babylonia / Markham J. Geller -- Gattungen in der altägyptischen Magie. Sammelhandschriften als Textfelder / Hans-Werner Fischer-Elfert -- Made in Egypt. Zur Verbreitung ägyptischer Amulett-Typen in Palästina/Israel und zur Frage ihrer Herkunft / Christian Herrmann -- Alttestamentliche Motive in der gräko-ägyptischen Magie der Römerzeit / Joachim Friedrich Quack -- Magie und rituelles Heilen im Alten Testament / Rüdiger Schmitt -- Die von Löwen und anderen Wesen getragene und beschützte Welt. Ein Erbe der bronzezeitlichen Stadtkultur Palästinas an ihre eisenzeitliche Nachfolgerin / Helga Weeppert mit einem Exkurs von Henrike Michelau -- "May Yahweh Bless You ... and Keep You". More Musings on "Cult", Favissae and Apotropaism at Kuntillet ʻAğrūd / Brian B. Schmidt -- Ein magischer Moment. Zu einem neuen Amulettflmd aus ʻAšdōd Yām / Angelika Berlejung und Alexander Fantalktn -- Ein Gesetz zum Schutz der korrekten Kulthandlungen. Zauberei, Magie und andere verbotene Praktiken in Dtn 18, 9-14 / Simone Paganini -- Der Prophet als Magier. Magie und Ritual in den Elischaerzählungen / Michael Pietsch -- Die Vertreibung des Dämons Asmodäus. "Magie" in der Tobiterzählung / Beate Ego -- Zauberei und Magie in der Apokalyptik / Stefan Beyerle -- Magie in den Texten von Qumran / Annette Steudel -- "Vom Rückfall" (Lk 11,24-26 par). Der Umgang mit Rekadenz- Phänomenen im Spannungsfeld von Wundertätigkeit, Magie und Medizin / Reinhard von Bendemann --</subfield>
      </datafield>
      <datafield tag="505" ind1="0" ind2=" ">
         <subfield code="a">Magie und Mission. Konkurrenzszenarien in altkirchlicher Erzählliteratur / Marco Frenschkowski.</subfield>
      </datafield>
      <datafield tag="546" ind1=" " ind2=" ">
         <subfield code="a">Contributions chiefly in German, 2 in English</subfield>
      </datafield>
      <datafield tag="650" ind1=" " ind2="0">
         <subfield code="a">Magic</subfield>
         <subfield code="z">Palestine</subfield>
         <subfield code="v">Congresses.</subfield>
      </datafield>
      <datafield tag="651" ind1=" " ind2="0">
         <subfield code="a">Palestine</subfield>
         <subfield code="x">Antiquities</subfield>
         <subfield code="v">Congresses.</subfield>
      </datafield>
      <datafield tag="651" ind1=" " ind2="7">
         <subfield code="a">Palaestina.</subfield>
         <subfield code="2">pleiades</subfield>
         <subfield code="0">https://pleiades.stoa.org/places/687995</subfield>
         <subfield code="5">NyNyUAW</subfield>
      </datafield>
      <datafield tag="650" ind1=" " ind2="7">
         <subfield code="a">Antiquities.</subfield>
         <subfield code="2">fast</subfield>
         <subfield code="0">(OCoLC)fst00810745</subfield>
      </datafield>
      <datafield tag="650" ind1=" " ind2="7">
         <subfield code="a">Magic.</subfield>
         <subfield code="2">fast</subfield>
         <subfield code="0">(OCoLC)fst01005468</subfield>
      </datafield>
      <datafield tag="651" ind1=" " ind2="7">
         <subfield code="a">Middle East</subfield>
         <subfield code="z">Palestine.</subfield>
         <subfield code="2">fast</subfield>
         <subfield code="0">(OCoLC)fst01207534</subfield>
      </datafield>
      <datafield tag="655" ind1=" " ind2="7">
         <subfield code="a">Conference papers and proceedings.</subfield>
         <subfield code="2">fast</subfield>
         <subfield code="0">(OCoLC)fst01423772</subfield>
      </datafield>
      <datafield tag="700" ind1="1" ind2=" ">
         <subfield code="a">Kamlah, Jens,</subfield>
         <subfield code="e">editor.</subfield>
      </datafield>
      <datafield tag="700" ind1="1" ind2=" ">
         <subfield code="a">Schäfer, Rolf,</subfield>
         <subfield code="d">1958-</subfield>
         <subfield code="e">editor.</subfield>
         <subfield code="4">edt</subfield>
      </datafield>
      <datafield tag="700" ind1="1" ind2=" ">
         <subfield code="a">Witte, Markus,</subfield>
         <subfield code="e">editor.</subfield>
      </datafield>
      <datafield tag="830" ind1=" " ind2="0">
         <subfield code="a">Abhandlungen des Deutschen Palästinavereins ;</subfield>
         <subfield code="v">Bd. 46.</subfield>
         <subfield code="x">0173-1904</subfield>
      </datafield>
      <datafield tag="OWN" ind1=" " ind2=" ">
         <subfield code="a">GENERAL</subfield>
      </datafield>
      <datafield tag="AVA" ind1=" " ind2=" ">
         <subfield code="a">NYU50</subfield>
         <subfield code="b">NISAW</subfield>
         <subfield code="c">Small Collection</subfield>
         <subfield code="d">DS111.7 .D48 2017 Non-circulating</subfield>
         <subfield code="e">available</subfield>
         <subfield code="t">Available</subfield>
         <subfield code="f">1</subfield>
         <subfield code="g">0</subfield>
         <subfield code="h">N</subfield>
         <subfield code="i">0</subfield>
         <subfield code="j">SMALL</subfield>
         <subfield code="k">0</subfield>
      </datafield>
      <marc:datafield tag="852" ind1=" " ind2=" ">
         <marc:subfield code="b">Institute for the Study of the Ancient World, </marc:subfield>
         <marc:subfield code="c">Small Collection</marc:subfield>
         <marc:subfield code="e">15 East 84th St., </marc:subfield>
         <marc:subfield code="e">New York, NY  10028</marc:subfield>
      </marc:datafield>
   </record>