
  
  
  
  
  
  
  
  
  
  
  
  
 
  
  <record xsi:schemaLocation="http://www.loc.gov/MARC21/slim http://www.loc.gov/standards/marcxml/schema/MARC21slim.xsd">
      <leader>00000cam a2200925 i 4500</leader>
      <controlfield tag="FMT">BK</controlfield>
      <controlfield tag="LDR">00000cam a2200925 i 4500</controlfield>
      <controlfield tag="001">002166957</controlfield>
      <controlfield tag="003">NNU</controlfield>
      <controlfield tag="005">20180220164324.0</controlfield>
      <controlfield tag="008">820329m19769999au       bd   001 0 eng</controlfield>
      <datafield tag="010" ind1=" " ind2=" ">
         <subfield code="a">77354661</subfield>
      </datafield>
      <datafield tag="015" ind1=" " ind2=" ">
         <subfield code="a">Au***</subfield>
      </datafield>
      <datafield tag="020" ind1=" " ind2=" ">
         <subfield code="a">320100992X</subfield>
         <subfield code="q">(v. 1)</subfield>
      </datafield>
      <datafield tag="035" ind1="9" ind2=" ">
         <subfield code="a">NYUb11195009</subfield>
      </datafield>
      <datafield tag="035" ind1=" " ind2=" ">
         <subfield code="a">(CStRLIN)NYUG82-B6780</subfield>
         <subfield code="a">(OCoLC)2964506</subfield>
      </datafield>
      <datafield tag="043" ind1=" " ind2=" ">
         <subfield code="a">a-ir---</subfield>
      </datafield>
      <datafield tag="050" ind1="0" ind2=" ">
         <subfield code="a">DS253</subfield>
         <subfield code="b">.A54</subfield>
      </datafield>
      <datafield tag="079" ind1=" " ind2=" ">
         <subfield code="a">(OCoLC)2964506</subfield>
      </datafield>
      <datafield tag="082" ind1=" " ind2=" ">
         <subfield code="a">955/.25</subfield>
      </datafield>
      <datafield tag="090" ind1=" " ind2=" ">
         <subfield code="a">DS253</subfield>
         <subfield code="b">.A54</subfield>
         <subfield code="h">04/03/90 CT</subfield>
         <subfield code="h">03/28/90 CT</subfield>
         <subfield code="h">10/20/88 CT</subfield>
         <subfield code="h">10/19/88 CT</subfield>
         <subfield code="h">10/12/83 T</subfield>
         <subfield code="h">03/29/83 CT</subfield>
         <subfield code="h">03/29/82 CT</subfield>
      </datafield>
      <datafield tag="100" ind1="1" ind2=" ">
         <subfield code="a">Adamec, Ludwig W.</subfield>
      </datafield>
      <datafield tag="245" ind1="1" ind2="0">
         <subfield code="a">Historical gazetteer of Iran /</subfield>
         <subfield code="c">edited by Ludwig W. Adamec.</subfield>
      </datafield>
      <datafield tag="260" ind1=" " ind2=" ">
         <subfield code="a">Graz :</subfield>
         <subfield code="b">Akademische Drucku. Verlagsanstalt,</subfield>
         <subfield code="c">1976-</subfield>
      </datafield>
      <datafield tag="300" ind1=" " ind2=" ">
         <subfield code="a">v. ;</subfield>
         <subfield code="c">29 cm.</subfield>
      </datafield>
      <datafield tag="500" ind1=" " ind2=" ">
         <subfield code="a">ISAW copy is from the library of Nina Garsoïan.</subfield>
         <subfield code="5">NyNyUAW</subfield>
      </datafield>
      <datafield tag="504" ind1=" " ind2=" ">
         <subfield code="a">Bibliography: v. 1, p. xiv-xv.</subfield>
      </datafield>
      <datafield tag="505" ind1="1" ind2="0">
         <subfield code="g">v. 1.</subfield>
         <subfield code="t">Tehran and Northwestern Iran --</subfield>
         <subfield code="g">v. 2.</subfield>
         <subfield code="t">Meshed and Northeastern Iran --</subfield>
         <subfield code="g">v. 3.</subfield>
         <subfield code="t">Abadan and Southwestern Iran --</subfield>
         <subfield code="g">v. 4.</subfield>
         <subfield code="t">Zahidan and southeastern Iran.</subfield>
      </datafield>
      <datafield tag="500" ind1=" " ind2=" ">
         <subfield code="a">Includes index.</subfield>
      </datafield>
      <datafield tag="650" ind1=" " ind2="0">
         <subfield code="a">Ethnology</subfield>
         <subfield code="z">Iran</subfield>
         <subfield code="v">Dictionaries.</subfield>
      </datafield>
      <datafield tag="651" ind1=" " ind2="0">
         <subfield code="a">Iran</subfield>
         <subfield code="v">Gazetteers.</subfield>
      </datafield>
      <datafield tag="651" ind1=" " ind2="0">
         <subfield code="a">Iran</subfield>
         <subfield code="x">Historical geography.</subfield>
      </datafield>
      <datafield tag="651" ind1=" " ind2="7">
         <subfield code="a">Tehrān.</subfield>
         <subfield code="2">pleiades</subfield>
         <subfield code="0">https://pleiades.stoa.org/places/419508714</subfield>
         <subfield code="5">NyNyUAW</subfield>
      </datafield>
      <datafield tag="700" ind1="1" ind2=" ">
         <subfield code="a">Adamec, Ludwig W.</subfield>
      </datafield>
      <datafield tag="700" ind1="1" ind2=" ">
         <subfield code="a">Garsoïan, Nina G.,</subfield>
         <subfield code="d">1923-</subfield>
         <subfield code="e">former owner.</subfield>
         <subfield code="5">NyNyUAW</subfield>
      </datafield>
      <datafield tag="740" ind1="0" ind2=" ">
         <subfield code="a">Garsoïan Collection.</subfield>
         <subfield code="5">NyNyUAW</subfield>
      </datafield>
      <datafield tag="OWN" ind1=" " ind2=" ">
         <subfield code="a">GENERAL</subfield>
      </datafield>
      <datafield tag="950" ind1=" " ind2=" ">
         <subfield code="l">BREF</subfield>
         <subfield code="a">DS253</subfield>
         <subfield code="b">.A54</subfield>
         <subfield code="n">455:sl\Unanalyzed\</subfield>
         <subfield code="h">03/28/90 C</subfield>
         <subfield code="h">10/20/88 C</subfield>
         <subfield code="h">10/12/83 N</subfield>
         <subfield code="h">03/29/82 C</subfield>
      </datafield>
      <datafield tag="955" ind1=" " ind2=" ">
         <subfield code="l">BREF</subfield>
         <subfield code="c">1:v.3</subfield>
         <subfield code="q">82-B6780-3</subfield>
         <subfield code="h">03/28/90 C</subfield>
      </datafield>
      <datafield tag="955" ind1=" " ind2=" ">
         <subfield code="l">BREF</subfield>
         <subfield code="c">1:v.1</subfield>
         <subfield code="h">03/29/82 C</subfield>
      </datafield>
      <datafield tag="955" ind1=" " ind2=" ">
         <subfield code="l">BREF</subfield>
         <subfield code="c">1:v.2</subfield>
         <subfield code="h">03/29/82 C</subfield>
      </datafield>
      <datafield tag="955" ind1=" " ind2=" ">
         <subfield code="l">BREF</subfield>
         <subfield code="c">1:v.4</subfield>
         <subfield code="q">82-B6780-3</subfield>
         <subfield code="h">10/19/88 C</subfield>
      </datafield>
      <datafield tag="950" ind1=" " ind2=" ">
         <subfield code="l">IFAM</subfield>
         <subfield code="a">DS253</subfield>
         <subfield code="b">.A54</subfield>
         <subfield code="n">455:sl\Unanalyzed\</subfield>
         <subfield code="h">10/12/83 N</subfield>
      </datafield>
      <datafield tag="955" ind1=" " ind2=" ">
         <subfield code="l">IFAM</subfield>
         <subfield code="c">1</subfield>
         <subfield code="h">10/12/83 C</subfield>
      </datafield>
      <datafield tag="950" ind1=" " ind2=" ">
         <subfield code="l">KEV</subfield>
         <subfield code="a">DS253</subfield>
         <subfield code="b">.A54</subfield>
         <subfield code="n">455:sl\Unanalyzed\</subfield>
         <subfield code="h">04/03/90 C</subfield>
         <subfield code="h">10/19/88 C</subfield>
         <subfield code="h">10/12/83 N</subfield>
         <subfield code="h">03/29/83 C</subfield>
      </datafield>
      <datafield tag="955" ind1=" " ind2=" ">
         <subfield code="l">KEV</subfield>
         <subfield code="c">1:v.3</subfield>
         <subfield code="q">82-B6780-4</subfield>
         <subfield code="h">04/03/90 C</subfield>
      </datafield>
      <datafield tag="955" ind1=" " ind2=" ">
         <subfield code="l">KEV</subfield>
         <subfield code="c">1:v.4</subfield>
         <subfield code="q">82-B6780-4</subfield>
         <subfield code="h">10/19/88 C</subfield>
      </datafield>
      <datafield tag="955" ind1=" " ind2=" ">
         <subfield code="l">KEV</subfield>
         <subfield code="c">1:v. 1</subfield>
         <subfield code="q">82B6780-1</subfield>
         <subfield code="h">03/29/83 C</subfield>
      </datafield>
      <datafield tag="955" ind1=" " ind2=" ">
         <subfield code="l">KEV</subfield>
         <subfield code="c">1:v. 2</subfield>
         <subfield code="q">82B6780-1</subfield>
         <subfield code="h">03/29/83 C</subfield>
      </datafield>
      <datafield tag="998" ind1=" " ind2=" ">
         <subfield code="a">04/16/94</subfield>
         <subfield code="t">b</subfield>
         <subfield code="s">9110</subfield>
         <subfield code="n">NNU</subfield>
         <subfield code="w">DCLC77354661B</subfield>
         <subfield code="d">03/29/82</subfield>
         <subfield code="b">JR</subfield>
         <subfield code="h">900403</subfield>
         <subfield code="h">900328</subfield>
         <subfield code="h">881020</subfield>
         <subfield code="h">881019</subfield>
         <subfield code="h">831012</subfield>
         <subfield code="h">830329</subfield>
         <subfield code="h">820329</subfield>
         <subfield code="l">NYUG</subfield>
      </datafield>
      <datafield tag="997" ind1=" " ind2="3">
         <subfield code="@">u01</subfield>
         <subfield code="a">3</subfield>
         <subfield code="t">EO</subfield>
         <subfield code="s">P</subfield>
         <subfield code="d">08/26/87 KY</subfield>
         <subfield code="i">04/09/94 CLA</subfield>
         <subfield code="h">04/04/92 CLA</subfield>
         <subfield code="h">04/04/91 CLA HRH</subfield>
         <subfield code="h">03/27/90 EXP THT</subfield>
         <subfield code="h">10/18/88 EXP KY</subfield>
         <subfield code="h">08/27/88 CLA</subfield>
         <subfield code="h">08/26/87 ORD KY</subfield>
         <subfield code="f">04/09/96 CLA</subfield>
      </datafield>
      <datafield tag="997" ind1=" " ind2="3">
         <subfield code="@">u08</subfield>
         <subfield code="p">Y</subfield>
         <subfield code="o">REE</subfield>
      </datafield>
      <datafield tag="997" ind1=" " ind2="3">
         <subfield code="@">u20</subfield>
         <subfield code="a">HARR</subfield>
      </datafield>
      <datafield tag="997" ind1=" " ind2="3">
         <subfield code="@">u30</subfield>
         <subfield code="m">24</subfield>
         <subfield code="i">1</subfield>
      </datafield>
      <datafield tag="997" ind1=" " ind2="3">
         <subfield code="@">u31</subfield>
         <subfield code="a">99</subfield>
         <subfield code="b">4</subfield>
      </datafield>
      <datafield tag="997" ind1=" " ind2="3">
         <subfield code="@">u21</subfield>
         <subfield code="a">BOB</subfield>
         <subfield code="b">BOB</subfield>
      </datafield>
      <datafield tag="997" ind1=" " ind2="3">
         <subfield code="@">u22</subfield>
         <subfield code="a">TAX</subfield>
      </datafield>
      <datafield tag="997" ind1=" " ind2="3">
         <subfield code="@">u52</subfield>
         <subfield code="b">EASE REPLACE OUR ORDER no.A095859 WITH THE no.82-B6780-3 and CONTINUE OUR STANDING ORDER. THANK YOU.</subfield>
      </datafield>
      <datafield tag="997" ind1=" " ind2="3">
         <subfield code="@">u25</subfield>
         <subfield code="a">continuation of this series uncertain. Harr asks us not to claim 5/91</subfield>
      </datafield>
      <datafield tag="997" ind1=" " ind2="3">
         <subfield code="@">u50</subfield>
         <subfield code="a">FUND is O.K. as 209</subfield>
      </datafield>
      <datafield tag="997" ind1=" " ind2="3">
         <subfield code="@">u55</subfield>
         <subfield code="a">ADDED VOL. BREF</subfield>
      </datafield>
      <datafield tag="997" ind1=" " ind2="3">
         <subfield code="@">u02</subfield>
         <subfield code="2">ISBN</subfield>
         <subfield code="a">3-201-00992-X (v. 1)</subfield>
      </datafield>
      <datafield tag="997" ind1=" " ind2="3">
         <subfield code="@">u70</subfield>
         <subfield code="l">BREF</subfield>
         <subfield code="a">1</subfield>
      </datafield>
      <datafield tag="997" ind1=" " ind2="3">
         <subfield code="@">u7f</subfield>
         <subfield code="a">15.00??</subfield>
         <subfield code="p">Y</subfield>
      </datafield>
      <datafield tag="997" ind1=" " ind2="3">
         <subfield code="@">u40</subfield>
         <subfield code="s">CAT</subfield>
         <subfield code="d">10/18/88</subfield>
         <subfield code="t">T</subfield>
      </datafield>
      <datafield tag="997" ind1=" " ind2="3">
         <subfield code="@">u34</subfield>
         <subfield code="r">12</subfield>
         <subfield code="a">04/09/94</subfield>
      </datafield>
      <datafield tag="997" ind1=" " ind2="3">
         <subfield code="@">u71</subfield>
         <subfield code="a">209</subfield>
      </datafield>
      <datafield tag="997" ind1=" " ind2="3">
         <subfield code="@">u75</subfield>
         <subfield code="a">v.4</subfield>
         <subfield code="l">BREF</subfield>
         <subfield code="i">10/19/88 CAT</subfield>
         <subfield code="h">10/18/88 REC</subfield>
      </datafield>
      <datafield tag="997" ind1=" " ind2="3">
         <subfield code="@">u75</subfield>
         <subfield code="a">v.3</subfield>
         <subfield code="l">BREF</subfield>
         <subfield code="i">03/28/90 CAT</subfield>
         <subfield code="h">03/27/90 REC</subfield>
      </datafield>
      <datafield tag="997" ind1=" " ind2="3">
         <subfield code="@">ufi</subfield>
         <subfield code="a">209</subfield>
         <subfield code="b">88</subfield>
         <subfield code="e">218 517 7.29.88</subfield>
         <subfield code="g">$200.00</subfield>
         <subfield code="h">10/18/88</subfield>
         <subfield code="n">v.4</subfield>
      </datafield>
      <datafield tag="997" ind1=" " ind2="3">
         <subfield code="@">ufi</subfield>
         <subfield code="a">209</subfield>
         <subfield code="b">89</subfield>
         <subfield code="e">370 983 2.14.90</subfield>
         <subfield code="g">$322.09</subfield>
         <subfield code="h">03/27/90</subfield>
         <subfield code="n">v.3</subfield>
      </datafield>
      <datafield tag="997" ind1=" " ind2="4">
         <subfield code="@">u01</subfield>
         <subfield code="a">4</subfield>
         <subfield code="t">EO</subfield>
         <subfield code="s">P</subfield>
         <subfield code="d">08/26/87 KY</subfield>
         <subfield code="i">03/28/90 EXP THT</subfield>
         <subfield code="h">10/13/88 EXP KY</subfield>
         <subfield code="h">08/27/88 CLA</subfield>
         <subfield code="h">08/26/87 ORD KY</subfield>
         <subfield code="f">04/16/95 REV</subfield>
      </datafield>
      <datafield tag="997" ind1=" " ind2="4">
         <subfield code="@">u08</subfield>
         <subfield code="p">Y</subfield>
         <subfield code="o">MG</subfield>
      </datafield>
      <datafield tag="997" ind1=" " ind2="4">
         <subfield code="@">u20</subfield>
         <subfield code="a">HARR</subfield>
      </datafield>
      <datafield tag="997" ind1=" " ind2="4">
         <subfield code="@">u30</subfield>
         <subfield code="m">12</subfield>
         <subfield code="i">1</subfield>
      </datafield>
      <datafield tag="997" ind1=" " ind2="4">
         <subfield code="@">u31</subfield>
         <subfield code="a">99</subfield>
         <subfield code="b">1</subfield>
      </datafield>
      <datafield tag="997" ind1=" " ind2="4">
         <subfield code="@">u21</subfield>
         <subfield code="a">BOB</subfield>
         <subfield code="b">BOB</subfield>
      </datafield>
      <datafield tag="997" ind1=" " ind2="4">
         <subfield code="@">u22</subfield>
         <subfield code="a">TAX</subfield>
      </datafield>
      <datafield tag="997" ind1=" " ind2="4">
         <subfield code="@">u52</subfield>
         <subfield code="a">PLEASE BEGIN A STANDING ORDER BEGINNING WITH VOL.3 AND CONTINUING. THISIS IN ADDITION TO OUR PRESENT ORDER no. 82-B6780-3. PLEASE INVOICE ORDERS SEPARATELY. THANK YOU.</subfield>
      </datafield>
      <datafield tag="997" ind1=" " ind2="4">
         <subfield code="@">u25</subfield>
         <subfield code="a">v.3=NYP, no date &gt;per HARR 7.29.88</subfield>
      </datafield>
      <datafield tag="997" ind1=" " ind2="4">
         <subfield code="@">u55</subfield>
         <subfield code="a">ADDED VOL. KEV.</subfield>
      </datafield>
      <datafield tag="997" ind1=" " ind2="4">
         <subfield code="@">u5f</subfield>
         <subfield code="a">v.3 received, Meryl Gaston pays invoice. Inv#370 981, 2.14.90, $322.09</subfield>
      </datafield>
      <datafield tag="997" ind1=" " ind2="4">
         <subfield code="@">u02</subfield>
         <subfield code="2">ISBN</subfield>
         <subfield code="a">3-201-00992-X (v. 1)</subfield>
      </datafield>
      <datafield tag="997" ind1=" " ind2="4">
         <subfield code="@">u70</subfield>
         <subfield code="l">KEV</subfield>
         <subfield code="a">1</subfield>
         <subfield code="b">v.3-</subfield>
      </datafield>
      <datafield tag="997" ind1=" " ind2="4">
         <subfield code="@">u7f</subfield>
         <subfield code="a">15.00??</subfield>
         <subfield code="p">Y</subfield>
      </datafield>
      <datafield tag="997" ind1=" " ind2="4">
         <subfield code="@">u40</subfield>
         <subfield code="s">CAT</subfield>
         <subfield code="d">10/13/88</subfield>
         <subfield code="t">T</subfield>
      </datafield>
      <datafield tag="997" ind1=" " ind2="4">
         <subfield code="@">u34</subfield>
         <subfield code="r">12</subfield>
         <subfield code="a">08/27/88</subfield>
      </datafield>
      <datafield tag="997" ind1=" " ind2="4">
         <subfield code="@">u71</subfield>
         <subfield code="a">819</subfield>
      </datafield>
      <datafield tag="997" ind1=" " ind2="4">
         <subfield code="@">u75</subfield>
         <subfield code="a">v.4</subfield>
         <subfield code="l">KEV</subfield>
         <subfield code="i">10/19/88 CAT</subfield>
         <subfield code="h">10/13/88 REC</subfield>
      </datafield>
      <datafield tag="997" ind1=" " ind2="4">
         <subfield code="@">u75</subfield>
         <subfield code="a">v.3</subfield>
         <subfield code="l">KEV</subfield>
         <subfield code="i">04/03/90 CAT</subfield>
         <subfield code="h">03/28/90 REC</subfield>
      </datafield>
      <datafield tag="997" ind1=" " ind2="4">
         <subfield code="@">ufi</subfield>
         <subfield code="a">819</subfield>
         <subfield code="b">88</subfield>
         <subfield code="e">218 518 7.29.88</subfield>
         <subfield code="g">$200.00</subfield>
         <subfield code="h">10/13/88</subfield>
         <subfield code="n">v.4</subfield>
      </datafield>
      <datafield tag="AVA" ind1=" " ind2=" ">
         <subfield code="a">NYU50</subfield>
         <subfield code="b">BOBST</subfield>
         <subfield code="c">1st Floor Reference</subfield>
         <subfield code="d">DS253 .A54 Non-circulating</subfield>
         <subfield code="e">available</subfield>
         <subfield code="t">Available</subfield>
         <subfield code="f">4</subfield>
         <subfield code="g">0</subfield>
         <subfield code="h">Y</subfield>
         <subfield code="i">0</subfield>
         <subfield code="j">REF1</subfield>
         <subfield code="k">0</subfield>
      </datafield>
      <datafield tag="AVA" ind1=" " ind2=" ">
         <subfield code="a">NYU50</subfield>
         <subfield code="b">NIFA</subfield>
         <subfield code="c">Main Collection</subfield>
         <subfield code="d">DS253 .A54 Non-circulating</subfield>
         <subfield code="e">unavailable</subfield>
         <subfield code="t">Unavailable</subfield>
         <subfield code="f">1</subfield>
         <subfield code="g">1</subfield>
         <subfield code="h">Y</subfield>
         <subfield code="i">0</subfield>
         <subfield code="j">MAIN</subfield>
         <subfield code="k">0</subfield>
      </datafield>
      <datafield tag="AVA" ind1=" " ind2=" ">
         <subfield code="a">NYU50</subfield>
         <subfield code="b">NISAW</subfield>
         <subfield code="c">Small Collection</subfield>
         <subfield code="d">DS253 .A54 Non-circulating</subfield>
         <subfield code="e">available</subfield>
         <subfield code="t">Available</subfield>
         <subfield code="f">1</subfield>
         <subfield code="g">0</subfield>
         <subfield code="h">Y</subfield>
         <subfield code="i">0</subfield>
         <subfield code="j">SMALL</subfield>
         <subfield code="k">0</subfield>
      </datafield>
      <marc:datafield tag="852" ind1=" " ind2=" ">
         <marc:subfield code="b">Institute for the Study of the Ancient World, </marc:subfield>
         <marc:subfield code="c">Small Collection</marc:subfield>
         <marc:subfield code="e">15 East 84th St., </marc:subfield>
         <marc:subfield code="e">New York, NY  10028</marc:subfield>
      </marc:datafield>
      <datafield tag="AVA" ind1=" " ind2=" ">
         <subfield code="a">NYU50</subfield>
         <subfield code="b">NKEV</subfield>
         <subfield code="c">Main Collection</subfield>
         <subfield code="d">DS253 .A54 Non-Circulating</subfield>
         <subfield code="e">available</subfield>
         <subfield code="t">Available</subfield>
         <subfield code="f">4</subfield>
         <subfield code="g">0</subfield>
         <subfield code="h">Y</subfield>
         <subfield code="i">0</subfield>
         <subfield code="j">MAIN</subfield>
         <subfield code="k">0</subfield>
      </datafield>
   </record>