
  
  
  
  
  
  
  
  
  
  
  
 
  
  <record xsi:schemaLocation="http://www.loc.gov/MARC21/slim http://www.loc.gov/standards/marcxml/schema/MARC21slim.xsd">
      <leader>00000cam a22      a 4500</leader>
      <controlfield tag="FMT">BK</controlfield>
      <controlfield tag="LDR">00000cam a22      a 4500</controlfield>
      <controlfield tag="001">006005399</controlfield>
      <controlfield tag="005">20180305144115.0</controlfield>
      <controlfield tag="008">180226s2006    enkabef  b    000 0 eng</controlfield>
      <datafield tag="015" ind1=" " ind2=" ">
         <subfield code="a">GBA559358</subfield>
         <subfield code="2">bnb</subfield>
      </datafield>
      <datafield tag="016" ind1="7" ind2=" ">
         <subfield code="a">013251178</subfield>
         <subfield code="2">Uk</subfield>
      </datafield>
      <datafield tag="020" ind1=" " ind2=" ">
         <subfield code="a">9781842170946</subfield>
         <subfield code="q">(cased)</subfield>
      </datafield>
      <datafield tag="020" ind1=" " ind2=" ">
         <subfield code="a">1842170945</subfield>
         <subfield code="q">(cased)</subfield>
      </datafield>
      <datafield tag="035" ind1=" " ind2=" ">
         <subfield code="a">(OCoLC)60965657</subfield>
         <subfield code="z">(OCoLC)316641096</subfield>
      </datafield>
      <datafield tag="040" ind1=" " ind2=" ">
         <subfield code="a">UKM</subfield>
         <subfield code="b">eng</subfield>
         <subfield code="c">UKM</subfield>
         <subfield code="d">BAKER</subfield>
         <subfield code="d">BWKUK</subfield>
         <subfield code="d">YDXCP</subfield>
         <subfield code="d">BTCTA</subfield>
         <subfield code="d">BWK</subfield>
         <subfield code="d">OCLCG</subfield>
         <subfield code="d">TOZ</subfield>
         <subfield code="d">OKU</subfield>
         <subfield code="d">GEBAY</subfield>
         <subfield code="d">CNCGM</subfield>
         <subfield code="d">DEBBG</subfield>
         <subfield code="d">OCLCQ</subfield>
         <subfield code="d">OCLCF</subfield>
         <subfield code="d">NNU</subfield>
      </datafield>
      <datafield tag="042" ind1=" " ind2=" ">
         <subfield code="a">ukblcatcopy</subfield>
         <subfield code="a">pcc</subfield>
      </datafield>
      <datafield tag="043" ind1=" " ind2=" ">
         <subfield code="a">e-fr---</subfield>
      </datafield>
      <datafield tag="050" ind1=" " ind2="4">
         <subfield code="a">DC611.C453</subfield>
         <subfield code="b">S84 2006</subfield>
      </datafield>
      <datafield tag="082" ind1="0" ind2="4">
         <subfield code="a">936.4</subfield>
         <subfield code="2">22</subfield>
      </datafield>
      <datafield tag="084" ind1=" " ind2=" ">
         <subfield code="a">6,11</subfield>
         <subfield code="2">ssgn</subfield>
      </datafield>
      <datafield tag="084" ind1=" " ind2=" ">
         <subfield code="a">8,2</subfield>
         <subfield code="2">ssgn</subfield>
      </datafield>
      <datafield tag="084" ind1=" " ind2=" ">
         <subfield code="a">NF 1550</subfield>
         <subfield code="2">rvk</subfield>
      </datafield>
      <datafield tag="100" ind1="1" ind2=" ">
         <subfield code="a">Stead, I. M.</subfield>
         <subfield code="q">(Ian Mathieson)</subfield>
      </datafield>
      <datafield tag="245" ind1="1" ind2="0">
         <subfield code="a">Iron Age and Roman burials in Champagne /</subfield>
         <subfield code="c">by I.M. Stead, J.-L. Flouest and Valery Rigby ; a project co-directed by A.L. Pacitto ; with contributions by Sheelagh Stead [and others].</subfield>
      </datafield>
      <datafield tag="260" ind1=" " ind2=" ">
         <subfield code="a">Oxford :</subfield>
         <subfield code="b">Oxbow ;</subfield>
         <subfield code="a">Oakville, CT :</subfield>
         <subfield code="b">[Distributed in the U.S. by] D. Brown Bk. Co.,</subfield>
         <subfield code="c">©2006.</subfield>
      </datafield>
      <datafield tag="300" ind1=" " ind2=" ">
         <subfield code="a">xii, 345 pages, [20] pages of plates :</subfield>
         <subfield code="b">illustrations, maps, plans ;</subfield>
         <subfield code="c">31 cm</subfield>
      </datafield>
      <datafield tag="336" ind1=" " ind2=" ">
         <subfield code="a">text</subfield>
         <subfield code="b">txt</subfield>
         <subfield code="2">rdacontent</subfield>
      </datafield>
      <datafield tag="337" ind1=" " ind2=" ">
         <subfield code="a">unmediated</subfield>
         <subfield code="b">n</subfield>
         <subfield code="2">rdamedia</subfield>
      </datafield>
      <datafield tag="338" ind1=" " ind2=" ">
         <subfield code="a">volume</subfield>
         <subfield code="b">nc</subfield>
         <subfield code="2">rdacarrier</subfield>
      </datafield>
      <datafield tag="504" ind1=" " ind2=" ">
         <subfield code="a">Includes bibliographical references (pages 339-345).</subfield>
      </datafield>
      <datafield tag="505" ind1="0" ind2=" ">
         <subfield code="a">The cemeteries -- Ménil-Annelles -- Ville-sur-Retourne -- Juniville -- Alincourt -- Saulces-Champenoises -- Quilly -- The grave-goods -- Celtic coins / by J.-L. Flouest -- Pottery / by Valery Rigby -- Gallo-Roman -- Pots as grave-goods Summary of the ceramic petrology / by Ian C. Freestone -- Glass vessels / by Valery Rigby -- Metalwork and other finds -- Hallstatt C -- La Tène I -- La Tène II and III -- Roman artefacts from Ville-sur-Retourne -- Human and animal bones / by Sheelagh Stead -- The Iron Age and Roman landscape / by P.C. Buckland [and others].</subfield>
      </datafield>
      <datafield tag="520" ind1="1" ind2=" ">
         <subfield code="a">"Champagne is unique in having a continuous sequence of burials throughout the Iron Age and Roman periods, many of them found in ill-recorded excavations in the nineteenth century. This volume presents the results of excavations carried out by a Franco-British team between 1971 and 1981. A wealth of pottery and metal artefacts was recovered, including more than 750 pots and 143 brooches. Descriptions and catalogues of the grave-goods are augmented by a report on the human and animal bones and an assessment of the changing landscape. The text is accompanied by 172 figures, 40 plates and 84 tables."--Jacket.</subfield>
      </datafield>
      <datafield tag="650" ind1=" " ind2="0">
         <subfield code="a">Excavations (Archaeology)</subfield>
         <subfield code="z">France</subfield>
         <subfield code="z">Champagne-Ardenne.</subfield>
      </datafield>
      <datafield tag="650" ind1=" " ind2="0">
         <subfield code="a">Grave goods</subfield>
         <subfield code="z">France</subfield>
         <subfield code="z">Champagne-Ardenne.</subfield>
      </datafield>
      <datafield tag="650" ind1=" " ind2="0">
         <subfield code="a">Cemeteries</subfield>
         <subfield code="z">France</subfield>
         <subfield code="z">Champagne-Ardenne.</subfield>
      </datafield>
      <datafield tag="650" ind1=" " ind2="0">
         <subfield code="a">Iron age</subfield>
         <subfield code="z">France</subfield>
         <subfield code="z">Champagne-Ardenne.</subfield>
      </datafield>
      <datafield tag="651" ind1=" " ind2="0">
         <subfield code="a">Champagne-Ardenne (France)</subfield>
         <subfield code="x">Antiquities, Roman.</subfield>
      </datafield>
      <datafield tag="651" ind1=" " ind2="0">
         <subfield code="a">Champagne-Ardenne (France)</subfield>
         <subfield code="x">Antiquities.</subfield>
      </datafield>
      <datafield tag="651" ind1=" " ind2="0">
         <subfield code="a">Ardennes (France)</subfield>
         <subfield code="x">Antiquities.</subfield>
      </datafield>
      <datafield tag="651" ind1=" " ind2="0">
         <subfield code="a">Ardennes (France)</subfield>
         <subfield code="x">Antiquities, Roman.</subfield>
      </datafield>
      <datafield tag="650" ind1="0" ind2="7">
         <subfield code="a">Bestattung.</subfield>
         <subfield code="0">(DE-588)4006054-8</subfield>
         <subfield code="2">gnd</subfield>
      </datafield>
      <datafield tag="650" ind1="0" ind2="7">
         <subfield code="a">Eisenzeit.</subfield>
         <subfield code="0">(DE-588)4014102-0</subfield>
         <subfield code="2">gnd</subfield>
      </datafield>
      <datafield tag="650" ind1="0" ind2="7">
         <subfield code="a">Grab.</subfield>
         <subfield code="0">(DE-588)4021716-4</subfield>
         <subfield code="2">gnd</subfield>
      </datafield>
      <datafield tag="650" ind1="0" ind2="7">
         <subfield code="a">Römerzeit.</subfield>
         <subfield code="0">(DE-588)4076769-3</subfield>
         <subfield code="2">gnd</subfield>
      </datafield>
      <datafield tag="651" ind1=" " ind2="7">
         <subfield code="a">Champagne.</subfield>
         <subfield code="0">(DE-588)4009728-6</subfield>
         <subfield code="2">gnd</subfield>
      </datafield>
      <datafield tag="650" ind1="0" ind2="7">
         <subfield code="a">Grab.</subfield>
         <subfield code="2">swd</subfield>
      </datafield>
      <datafield tag="650" ind1="0" ind2="7">
         <subfield code="a">Bestattung.</subfield>
         <subfield code="2">swd</subfield>
      </datafield>
      <datafield tag="650" ind1="0" ind2="7">
         <subfield code="a">Eisenzeit.</subfield>
         <subfield code="2">swd</subfield>
      </datafield>
      <datafield tag="650" ind1="0" ind2="7">
         <subfield code="a">Römerzeit.</subfield>
         <subfield code="2">swd</subfield>
      </datafield>
      <datafield tag="651" ind1=" " ind2="7">
         <subfield code="a">Champagne.</subfield>
         <subfield code="2">swd</subfield>
      </datafield>
      <datafield tag="650" ind1=" " ind2="7">
         <subfield code="a">Antiquities.</subfield>
         <subfield code="2">fast</subfield>
         <subfield code="0">(OCoLC)fst00810745</subfield>
      </datafield>
      <datafield tag="650" ind1=" " ind2="7">
         <subfield code="a">Cemeteries.</subfield>
         <subfield code="2">fast</subfield>
         <subfield code="0">(OCoLC)fst00850521</subfield>
      </datafield>
      <datafield tag="650" ind1=" " ind2="7">
         <subfield code="a">Classical antiquities.</subfield>
         <subfield code="2">fast</subfield>
         <subfield code="0">(OCoLC)fst00863445</subfield>
      </datafield>
      <datafield tag="650" ind1=" " ind2="7">
         <subfield code="a">Excavations (Archaeology)</subfield>
         <subfield code="2">fast</subfield>
         <subfield code="0">(OCoLC)fst00917564</subfield>
      </datafield>
      <datafield tag="650" ind1=" " ind2="7">
         <subfield code="a">Grave goods.</subfield>
         <subfield code="2">fast</subfield>
         <subfield code="0">(OCoLC)fst00946842</subfield>
      </datafield>
      <datafield tag="650" ind1=" " ind2="7">
         <subfield code="a">Iron age.</subfield>
         <subfield code="2">fast</subfield>
         <subfield code="0">(OCoLC)fst00979145</subfield>
      </datafield>
      <datafield tag="651" ind1=" " ind2="7">
         <subfield code="a">France</subfield>
         <subfield code="z">Champagne-Ardenne.</subfield>
         <subfield code="2">fast</subfield>
         <subfield code="0">(OCoLC)fst01217306</subfield>
      </datafield>
      <datafield tag="700" ind1="1" ind2=" ">
         <subfield code="a">Flouest, J.-L.</subfield>
         <subfield code="q">(Jean-Loup)</subfield>
      </datafield>
      <datafield tag="700" ind1="1" ind2=" ">
         <subfield code="a">Rigby, Valery.</subfield>
      </datafield>
      <datafield tag="700" ind1="1" ind2=" ">
         <subfield code="a">Pacitto, A. L.</subfield>
      </datafield>
      <datafield tag="700" ind1="1" ind2=" ">
         <subfield code="a">Stead, Sheelagh.</subfield>
      </datafield>
      <datafield tag="776" ind1="0" ind2="8">
         <subfield code="i">Online version:</subfield>
         <subfield code="a">Stead, I.M. (Ian Mathieson).</subfield>
         <subfield code="t">Iron Age and Roman burials in Champagne.</subfield>
         <subfield code="d">Oxford : Oxbow ; Oakville, CT : [Distributed in the U.S. by] D. Brown Bk. Co., ©2006</subfield>
         <subfield code="w">(OCoLC)606373890</subfield>
      </datafield>
      <datafield tag="776" ind1="0" ind2="8">
         <subfield code="i">Online version:</subfield>
         <subfield code="a">Stead, I.M. (Ian Mathieson).</subfield>
         <subfield code="t">Iron Age and Roman burials in Champagne.</subfield>
         <subfield code="d">Oxford : Oxbow ; Oakville, CT : [Distributed in the U.S. by] D. Brown Bk. Co., ©2006</subfield>
         <subfield code="w">(OCoLC)608192932</subfield>
      </datafield>
      <datafield tag="856" ind1="4" ind2="1">
         <subfield code="3">Table of contents</subfield>
         <subfield code="u">http://bvbr.bib-bvb.de:8991/F?func=service&amp;doc_library=BVB01&amp;doc_number=016305754&amp;line_number=0001&amp;func_code=DB_RECORDS&amp;service_type=MEDIA</subfield>
      </datafield>
      <datafield tag="856" ind1="4" ind2="1">
         <subfield code="3">Table of contents</subfield>
         <subfield code="u">http://bvbr.bib-bvb.de:8991/F?func=service&amp;doc_library=BVB01&amp;local_base=BVB01&amp;doc_number=016305754&amp;line_number=0001&amp;func_code=DB_RECORDS&amp;service_type=MEDIA</subfield>
      </datafield>
      <datafield tag="OWN" ind1=" " ind2=" ">
         <subfield code="a">GENERAL</subfield>
      </datafield>
      <datafield tag="AVA" ind1=" " ind2=" ">
         <subfield code="a">NYU50</subfield>
         <subfield code="b">NISAW</subfield>
         <subfield code="c">Large Collection</subfield>
         <subfield code="d">DC611.C453 S84 2006 Non-circulating</subfield>
         <subfield code="e">available</subfield>
         <subfield code="t">Available</subfield>
         <subfield code="f">1</subfield>
         <subfield code="g">0</subfield>
         <subfield code="h">N</subfield>
         <subfield code="i">0</subfield>
         <subfield code="j">LARGE</subfield>
         <subfield code="k">0</subfield>
      </datafield>
      <marc:datafield tag="852" ind1=" " ind2=" ">
         <marc:subfield code="b">Institute for the Study of the Ancient World, </marc:subfield>
         <marc:subfield code="c">Large Collection</marc:subfield>
         <marc:subfield code="e">15 East 84th St., </marc:subfield>
         <marc:subfield code="e">New York, NY  10028</marc:subfield>
      </marc:datafield>
   </record>