
  
  
  
  
  
  
  
  
  
  
  
  
 
  
  <record xsi:schemaLocation="http://www.loc.gov/MARC21/slim http://www.loc.gov/standards/marcxml/schema/MARC21slim.xsd">
      <leader>00000cam a2200541Ii 4500</leader>
      <controlfield tag="FMT">BK</controlfield>
      <controlfield tag="LDR">00000cam a2200541Ii 4500</controlfield>
      <controlfield tag="001">006005415</controlfield>
      <controlfield tag="003">OCoLC</controlfield>
      <controlfield tag="005">20180226152314.0</controlfield>
      <controlfield tag="008">180226t20172017au a     b    001 0 ger d</controlfield>
      <datafield tag="016" ind1="7" ind2=" ">
         <subfield code="a">1127877852</subfield>
         <subfield code="2">GyFmDB</subfield>
      </datafield>
      <datafield tag="020" ind1=" " ind2=" ">
         <subfield code="a">9783700179498</subfield>
         <subfield code="q">(pbk.)</subfield>
      </datafield>
      <datafield tag="020" ind1=" " ind2=" ">
         <subfield code="a">3700179499</subfield>
         <subfield code="q">(pbk.)</subfield>
      </datafield>
      <datafield tag="024" ind1="3" ind2=" ">
         <subfield code="a">9783700179498</subfield>
      </datafield>
      <datafield tag="035" ind1=" " ind2=" ">
         <subfield code="a">(OCoLC)982491464</subfield>
      </datafield>
      <datafield tag="040" ind1=" " ind2=" ">
         <subfield code="a">OHX</subfield>
         <subfield code="b">eng</subfield>
         <subfield code="e">rda</subfield>
         <subfield code="c">OHX</subfield>
         <subfield code="d">UIU</subfield>
         <subfield code="d">EMU</subfield>
         <subfield code="d">OCLCF</subfield>
         <subfield code="d">ERASA</subfield>
         <subfield code="d">OCLCA</subfield>
         <subfield code="d">NNU</subfield>
      </datafield>
      <datafield tag="043" ind1=" " ind2=" ">
         <subfield code="a">e------</subfield>
      </datafield>
      <datafield tag="050" ind1=" " ind2="4">
         <subfield code="a">DJK28.A76</subfield>
         <subfield code="b">W35 2017</subfield>
      </datafield>
      <datafield tag="072" ind1=" " ind2="7">
         <subfield code="a">D</subfield>
         <subfield code="2">lcco</subfield>
      </datafield>
      <datafield tag="072" ind1=" " ind2="7">
         <subfield code="a">PC</subfield>
         <subfield code="2">lcco</subfield>
      </datafield>
      <datafield tag="072" ind1=" " ind2="7">
         <subfield code="a">PB</subfield>
         <subfield code="2">lcco</subfield>
      </datafield>
      <datafield tag="082" ind1="0" ind2="4">
         <subfield code="a">410</subfield>
      </datafield>
      <datafield tag="245" ind1="0" ind2="0">
         <subfield code="a">Walchen, Romani und Latini :</subfield>
         <subfield code="b">Variationen einer nachrömischen Gruppenbezeichung zwischen Britannien und dem Balkan /</subfield>
         <subfield code="c">herausgegeben von Walter Pohl, Ingrid Hartl, Wolfgang Haubrichs.</subfield>
      </datafield>
      <datafield tag="264" ind1=" " ind2="1">
         <subfield code="a">Wien :</subfield>
         <subfield code="b">Verlag der Österreichischen Akademie der Wissenschaften,</subfield>
         <subfield code="c">[2017]</subfield>
      </datafield>
      <datafield tag="264" ind1=" " ind2="4">
         <subfield code="c">©2017</subfield>
      </datafield>
      <datafield tag="300" ind1=" " ind2=" ">
         <subfield code="a">273 pages :</subfield>
         <subfield code="b">illustrations ;</subfield>
         <subfield code="c">30 cm.</subfield>
      </datafield>
      <datafield tag="336" ind1=" " ind2=" ">
         <subfield code="a">text</subfield>
         <subfield code="b">txt</subfield>
         <subfield code="2">rdacontent</subfield>
      </datafield>
      <datafield tag="336" ind1=" " ind2=" ">
         <subfield code="a">still image</subfield>
         <subfield code="b">sti</subfield>
         <subfield code="2">rdacontent</subfield>
      </datafield>
      <datafield tag="337" ind1=" " ind2=" ">
         <subfield code="a">unmediated</subfield>
         <subfield code="b">n</subfield>
         <subfield code="2">rdamedia</subfield>
      </datafield>
      <datafield tag="338" ind1=" " ind2=" ">
         <subfield code="a">volume</subfield>
         <subfield code="b">nc</subfield>
         <subfield code="2">rdacarrier</subfield>
      </datafield>
      <datafield tag="490" ind1="1" ind2=" ">
         <subfield code="a">Denkschriften (Österreichische Akademie der Wissenschaften. Philosophisch-Historische Klasse) ;</subfield>
         <subfield code="v">491. Band</subfield>
      </datafield>
      <datafield tag="490" ind1="1" ind2=" ">
         <subfield code="a">Forschungen zur Geschichte des Mittelalters,</subfield>
         <subfield code="x">1992-3716 ;</subfield>
         <subfield code="v">Band 21</subfield>
      </datafield>
      <datafield tag="500" ind1=" " ind2=" ">
         <subfield code="a">Academy publication.</subfield>
      </datafield>
      <datafield tag="504" ind1=" " ind2=" ">
         <subfield code="a">Includes bibliographical references and indexes.</subfield>
      </datafield>
      <datafield tag="520" ind1="8" ind2=" ">
         <subfield code="a">Vlachen oder Waliser, Wallonen oder Włoski, Rumänen, Romantsch, Aromunier oder Ladiner – all das sind im heutigen Europa verwendete Volksnamen. Sie gehen auf mittelalterliche Bezeichnungen für romanische Volksgruppen zurück. Viele davon sind vom altgermanischen Wort *walhoz abgeleitet, das ursprünglich westliche (keltische), insbesondere aber südliche (römische) Nachbarn der Germanen bezeichnete. In vielen (vor allem slawischen) Sprachen ist das Wort heute als Name für die Italiener im Gebrauch. In manchen Fällen wurde es zur Selbstbezeichnung. Für das Schicksal der Bewohner römischer Provinzen nach dem Zerfall des Römischen Reiches in teils quellenarmer Zeit bieten Überlieferung und Gebrauch dieser Namen wesentliche Anhaltspunkte. Entwicklung und Bedeutung dieser Namen sind noch nie eingehend und vergleichend im europäischen Zusammenhang untersucht worden. Der vorliegende Band versammelt erstmals aus interdisziplinärer Sicht und in einem weiten Rahmen wesentliche philologische und historische Befunde von den Britischen Inseln über die germanisch-romanische Kontaktzone am Rhein und im Alpenraum bis zum Balkan. Führende Historiker und Vertreter der Namenforschung fassen den Forschungsstand zusammen und bringen teils neue Erkenntnisse. Eine Leitfrage dabei ist das Verhältnis zwischen Fremdwahrnehmungen und Selbstzuordnung von ‚Romanen‘ in verschiedenen Teilen Europas. Wo und für wen wurde der Walchenname in seinen verschiedenen Ausprägungen verwendet, und welche alternativen (Fremd-/Selbst-)Bezeichnungen gab es? Was sagen uns die jeweiligen Befunde über die Entwicklung römischer Identitäten nach dem Zerfall Roms, und wie können sie in ein breiteres Panorama der Identitätsentwicklung in den betreffenden Räumen eingeordnet werden? Der Band ist ein Ergebnis des ERC Advanced Grants 'Social Cohesion, Identity and Religion in Europe, 400–1200' (SCIRE).</subfield>
      </datafield>
      <datafield tag="650" ind1=" " ind2="0">
         <subfield code="a">Aromanians</subfield>
         <subfield code="x">History.</subfield>
      </datafield>
      <datafield tag="650" ind1=" " ind2="0">
         <subfield code="a">Latini (Italic people)</subfield>
         <subfield code="x">History.</subfield>
      </datafield>
      <datafield tag="650" ind1=" " ind2="7">
         <subfield code="a">Aromanians.</subfield>
         <subfield code="2">fast</subfield>
         <subfield code="0">(OCoLC)fst00815001</subfield>
      </datafield>
      <datafield tag="650" ind1=" " ind2="7">
         <subfield code="a">Latini (Italic people)</subfield>
         <subfield code="2">fast</subfield>
         <subfield code="0">(OCoLC)fst00993402</subfield>
      </datafield>
      <datafield tag="655" ind1=" " ind2="7">
         <subfield code="a">History.</subfield>
         <subfield code="2">fast</subfield>
         <subfield code="0">(OCoLC)fst01411628</subfield>
      </datafield>
      <datafield tag="700" ind1="1" ind2=" ">
         <subfield code="a">Pohl, Walter,</subfield>
         <subfield code="d">1953-</subfield>
         <subfield code="e">editor.</subfield>
      </datafield>
      <datafield tag="700" ind1="1" ind2=" ">
         <subfield code="a">Hartl, Ingrid,</subfield>
         <subfield code="d">1975-</subfield>
         <subfield code="e">editor.</subfield>
      </datafield>
      <datafield tag="700" ind1="1" ind2=" ">
         <subfield code="a">Haubrichs, Wolfgang,</subfield>
         <subfield code="e">editor.</subfield>
      </datafield>
      <datafield tag="830" ind1=" " ind2="0">
         <subfield code="a">Denkschriften (Österreichische Akademie der Wissenschaften. Philosophisch-Historische Klasse) ;</subfield>
         <subfield code="v">491. Bd.</subfield>
      </datafield>
      <datafield tag="830" ind1=" " ind2="0">
         <subfield code="a">Denkschriften (Österreichische Akademie der Wissenschaften. Philosophisch-Historische Klasse).</subfield>
         <subfield code="p">Forschungen zur Geschichte des Mittelalters ;</subfield>
         <subfield code="v">Bd. 21.</subfield>
         <subfield code="x">1992-3716</subfield>
      </datafield>
      <datafield tag="994" ind1=" " ind2=" ">
         <subfield code="a">Z0</subfield>
         <subfield code="b">ZYU</subfield>
      </datafield>
      <datafield tag="OWN" ind1=" " ind2=" ">
         <subfield code="a">GENERAL</subfield>
      </datafield>
      <datafield tag="AVA" ind1=" " ind2=" ">
         <subfield code="a">NYU50</subfield>
         <subfield code="b">NISAW</subfield>
         <subfield code="c">Large Collection</subfield>
         <subfield code="d">DJK28.A76 W35 2017 Non-circulating</subfield>
         <subfield code="e">available</subfield>
         <subfield code="t">Available</subfield>
         <subfield code="f">1</subfield>
         <subfield code="g">0</subfield>
         <subfield code="h">N</subfield>
         <subfield code="i">0</subfield>
         <subfield code="j">LARGE</subfield>
         <subfield code="k">0</subfield>
      </datafield>
      <marc:datafield tag="852" ind1=" " ind2=" ">
         <marc:subfield code="b">Institute for the Study of the Ancient World, </marc:subfield>
         <marc:subfield code="c">Large Collection</marc:subfield>
         <marc:subfield code="e">15 East 84th St., </marc:subfield>
         <marc:subfield code="e">New York, NY  10028</marc:subfield>
      </marc:datafield>
   </record>