
  
  
  
  
  
  
  
  
  
 
  
  <record xsi:schemaLocation="http://www.loc.gov/MARC21/slim http://www.loc.gov/standards/marcxml/schema/MARC21slim.xsd">
      <leader>00000cam a2200781Ii 4500</leader>
      <controlfield tag="FMT">BK</controlfield>
      <controlfield tag="LDR">00000cam a2200781Ii 4500</controlfield>
      <controlfield tag="001">006005410</controlfield>
      <controlfield tag="003">OCoLC</controlfield>
      <controlfield tag="005">20180226151451.0</controlfield>
      <controlfield tag="008">180226t20162016au bj    b    001 0 eng d</controlfield>
      <datafield tag="016" ind1="7" ind2=" ">
         <subfield code="a">1111116172</subfield>
         <subfield code="2">GyFmDB</subfield>
      </datafield>
      <datafield tag="020" ind1=" " ind2=" ">
         <subfield code="a">9783700178668</subfield>
         <subfield code="q">set</subfield>
         <subfield code="q">paperback</subfield>
      </datafield>
      <datafield tag="020" ind1=" " ind2=" ">
         <subfield code="a">3700178662</subfield>
         <subfield code="q">set</subfield>
         <subfield code="q">paperback</subfield>
      </datafield>
      <datafield tag="024" ind1="3" ind2=" ">
         <subfield code="a">9783700178668</subfield>
      </datafield>
      <datafield tag="035" ind1=" " ind2=" ">
         <subfield code="a">(OCoLC)957715489</subfield>
         <subfield code="z">(OCoLC)970384183</subfield>
         <subfield code="z">(OCoLC)970610218</subfield>
      </datafield>
      <datafield tag="040" ind1=" " ind2=" ">
         <subfield code="a">OHX</subfield>
         <subfield code="b">eng</subfield>
         <subfield code="e">rda</subfield>
         <subfield code="c">OHX</subfield>
         <subfield code="d">PAU</subfield>
         <subfield code="d">NYP</subfield>
         <subfield code="d">CHVBK</subfield>
         <subfield code="d">GZM</subfield>
         <subfield code="d">IUL</subfield>
         <subfield code="d">OCLCO</subfield>
         <subfield code="d">STF</subfield>
         <subfield code="d">OCLCF</subfield>
         <subfield code="d">OCLCO</subfield>
         <subfield code="d">YDX</subfield>
         <subfield code="d">OCLCA</subfield>
         <subfield code="d">NNU</subfield>
      </datafield>
      <datafield tag="041" ind1=" " ind2=" ">
         <subfield code="a">eng</subfield>
         <subfield code="a">ara</subfield>
      </datafield>
      <datafield tag="043" ind1=" " ind2=" ">
         <subfield code="a">a-uz---</subfield>
      </datafield>
      <datafield tag="050" ind1=" " ind2="4">
         <subfield code="a">DK948.84</subfield>
         <subfield code="b">.W55 2016</subfield>
      </datafield>
      <datafield tag="050" ind1=" " ind2="4">
         <subfield code="a">AS142</subfield>
         <subfield code="b">.V31 Bd.877</subfield>
      </datafield>
      <datafield tag="072" ind1=" " ind2="7">
         <subfield code="a">DS</subfield>
         <subfield code="2">lcco</subfield>
      </datafield>
      <datafield tag="100" ind1="1" ind2=" ">
         <subfield code="a">Wilde, Andreas,</subfield>
         <subfield code="e">author.</subfield>
      </datafield>
      <datafield tag="245" ind1="1" ind2="0">
         <subfield code="a">What is beyond the river? :</subfield>
         <subfield code="b">power, authority, and social order in Transoxania 18th-19th centuries /</subfield>
         <subfield code="c">Andreas Wilde.</subfield>
      </datafield>
      <datafield tag="246" ind1="1" ind2="3">
         <subfield code="a">What is beyond the river? :</subfield>
         <subfield code="b">power, authority, and social order in Transoxania eighteenth-nineteenth centuries</subfield>
      </datafield>
      <datafield tag="246" ind1="3" ind2="0">
         <subfield code="a">Power, authority, and social order in Transoxania 18th-19th centuries</subfield>
      </datafield>
      <datafield tag="264" ind1=" " ind2="1">
         <subfield code="a">Wien :</subfield>
         <subfield code="b">Verlag der Österreichischen Akademie der Wissenschaften,</subfield>
         <subfield code="c">[2016]</subfield>
      </datafield>
      <datafield tag="264" ind1=" " ind2="4">
         <subfield code="c">©2016</subfield>
      </datafield>
      <datafield tag="300" ind1=" " ind2=" ">
         <subfield code="a">3 volumes (xvi, 1101 pages) :</subfield>
         <subfield code="b">maps, genealogical tables ;</subfield>
         <subfield code="c">23 cm.</subfield>
      </datafield>
      <datafield tag="336" ind1=" " ind2=" ">
         <subfield code="a">text</subfield>
         <subfield code="b">txt</subfield>
         <subfield code="2">rdacontent</subfield>
      </datafield>
      <datafield tag="337" ind1=" " ind2=" ">
         <subfield code="a">unmediated</subfield>
         <subfield code="b">n</subfield>
         <subfield code="2">rdamedia</subfield>
      </datafield>
      <datafield tag="338" ind1=" " ind2=" ">
         <subfield code="a">volume</subfield>
         <subfield code="b">nc</subfield>
         <subfield code="2">rdacarrier</subfield>
      </datafield>
      <datafield tag="490" ind1="1" ind2=" ">
         <subfield code="a">Österreichische Akademie der Wissenschaften. Philosophisch-Historische Klasse. Sitzungsberichte ;</subfield>
         <subfield code="v">877. Band</subfield>
      </datafield>
      <datafield tag="490" ind1="1" ind2=" ">
         <subfield code="a">Veröffentlichungen zur Iranistik ;</subfield>
         <subfield code="v">NR. 80</subfield>
      </datafield>
      <datafield tag="500" ind1=" " ind2=" ">
         <subfield code="a">Academy publication.</subfield>
      </datafield>
      <datafield tag="504" ind1=" " ind2=" ">
         <subfield code="a">Includes bibliographical references (pages 989-1029) and indexes.</subfield>
      </datafield>
      <datafield tag="505" ind1="0" ind2="0">
         <subfield code="g">Acknowledgments --</subfield>
         <subfield code="g">Preface --</subfield>
         <subfield code="g">Note on transliteration --</subfield>
         <subfield code="g">Introduction --</subfield>
         <subfield code="t">The Oxus and Mā Warā' al-Nahr in history --</subfield>
         <subfield code="t">Notes on the sources --</subfield>
         <subfield code="t">The secondary literature --</subfield>
         <subfield code="t">Islamic societies in history : state of knowledge --</subfield>
         <subfield code="t">Power, authority and social order --</subfield>
         <subfield code="t">The concept of social order : guiding premises and cornerstones --</subfield>
         <subfield code="t">Institutions --</subfield>
         <subfield code="t">Worldview(s) --</subfield>
         <subfield code="t">Social order and inertia --</subfield>
         <subfield code="t">Questions of power and authority --</subfield>
         <subfield code="t">The omnipresence of power in human relations --</subfield>
         <subfield code="t">Power in networks --</subfield>
         <subfield code="t">Institutionalization processes --</subfield>
         <subfield code="t">Symbolic power --</subfield>
         <subfield code="t">Authority and social order --</subfield>
         <subfield code="t">Patronage, gift exchange and mediation --</subfield>
         <subfield code="t">Patron-Client relations --</subfield>
         <subfield code="t">Generosity, reciprocity and gift giving --</subfield>
         <subfield code="t">Mediation and brokerage --</subfield>
         <subfield code="t">Conclusion --</subfield>
         <subfield code="t">Historical overview : social order in Mā Warā al-Nahr --</subfield>
         <subfield code="t">The geographical setting of Mā Warā' al-Nahr --</subfield>
         <subfield code="t">The Uzbeks and their Turko-Mongol legacy --</subfield>
         <subfield code="t">Uzbek origins and waves of migration --</subfield>
      </datafield>
      <datafield tag="505" ind1="0" ind2="0">
         <subfield code="9"/>
         <subfield code="t">Social order in the Turko-Mongol World --</subfield>
         <subfield code="t">Social order in Uzbek-dominated Transoxania --</subfield>
         <subfield code="t">Shifts of power and social change --</subfield>
         <subfield code="t">Mā Warā' al-Nahr in the early eighteenth century --</subfield>
         <subfield code="t">The rise of Amirid Principalities --</subfield>
         <subfield code="t">Miyānkāl : the intermediate land --</subfield>
         <subfield code="t">The Khitạ̄'ī-Qipchāq --</subfield>
         <subfield code="t">The Yetī Ūrūgh --</subfield>
         <subfield code="t">The Qatạghān --</subfield>
         <subfield code="t">Nūr and the Northern Mountains of Miyānkāl --</subfield>
         <subfield code="t">The Burqūt and the Turkomān Yūzī --</subfield>
         <subfield code="t">Hịsạ̄r-i Shādmān --</subfield>
         <subfield code="t">Ūrā Tippa and other towns in the Sir Daryā Region --</subfield>
         <subfield code="t">The Yūz and ming tribes --</subfield>
         <subfield code="t">Qarshī (Nasaf, Nakhshab) --</subfield>
         <subfield code="t">The manghit --</subfield>
         <subfield code="t">Khuzār --</subfield>
         <subfield code="t">The Sarāy --</subfield>
         <subfield code="t">Shahr-i Sabz : The "Green city" --</subfield>
         <subfield code="t">The Ūng wa Sūl Alliance and the Kīnakās --</subfield>
         <subfield code="t">Shīrābād, Bāysūn and the Iron Gate --</subfield>
         <subfield code="t">The Qungrāt --</subfield>
         <subfield code="t">Tirmidh --</subfield>
         <subfield code="t">The Naymān --</subfield>
         <subfield code="t">Samarqand : the "Paradisiacal city" --</subfield>
         <subfield code="t">Chahār Jūy --</subfield>
         <subfield code="t">The Qalmāq (Junghār, Uirāt) --</subfield>
         <subfield code="t">Ūrgūt and Kūhistān --</subfield>
      </datafield>
      <datafield tag="505" ind1="0" ind2="0">
         <subfield code="9"/>
         <subfield code="t">The city of Bukhara --</subfield>
         <subfield code="t">Deserts and mountains --</subfield>
         <subfield code="t">The inhabitants of the peripheries --</subfield>
         <subfield code="t">Conclusion --</subfield>
         <subfield code="t">The figurations of power in eighteenth-century transoxania --</subfield>
         <subfield code="t">The circumstances under the last Tuqay-Timurids --</subfield>
         <subfield code="t">The major power shifts under Abū'l-Faiż Khān --</subfield>
         <subfield code="t">Muhạmmad Rahịm Bī Yūz of Hịsạ̄r --</subfield>
         <subfield code="t">Ni, matullah Bī Naymān of Tirmidh --</subfield>
         <subfield code="t">Ibrāhīm Bī Kīnakās of Shahr-i Sabz --</subfield>
         <subfield code="t">Farhād Bī Ūtārchī of Samarqand --</subfield>
         <subfield code="t">Khudāyār Bī and the Rise of the Manghit --</subfield>
         <subfield code="t">The Yetī Ūrūgh, the Qataghān and the struggle for Karmīna --</subfield>
         <subfield code="t">The Ahl-i Mahramīya : eunuchs, slave soldiers and astrologers --</subfield>
         <subfield code="t">The Jūybārī Khwājas --</subfield>
         <subfield code="t">Foreign glimpses of Bukhara's social order : Florio Benevini's account --</subfield>
         <subfield code="t">Summary --</subfield>
         <subfield code="t">Nādir Shāh's Conquest of Mā Warā' al-Nahr --</subfield>
         <subfield code="t">The first Iranian campaign (Autumn 1737) --</subfield>
         <subfield code="t">Nādir Shāh's measures after the Conquest of Bukhara --</subfield>
         <subfield code="t">The immediate effects of the Iranian presence --</subfield>
      </datafield>
      <datafield tag="505" ind1="0" ind2="0">
         <subfield code="9"/>
         <subfield code="t">Summary --</subfield>
         <subfield code="t">The creation of Muhạmmad Rahị̄m Khān's Herrschaftsverband --</subfield>
         <subfield code="t">The Amirid Elite --</subfield>
         <subfield code="t">Patterns of mobility --</subfield>
         <subfield code="t">Tribespeople, kinship and formative aspects of patronage --</subfield>
         <subfield code="t">The population --</subfield>
         <subfield code="t">The Yētī Ūrūgh Amīrs of Miyānkāl --</subfield>
         <subfield code="t">The Kīnakās Amīrs of Shahr-i Sabz --</subfield>
         <subfield code="t">Mūsā Bī of Ūrgūt --</subfield>
         <subfield code="t">Fāżil Bī Yūz of Ūrā Tippa --</subfield>
         <subfield code="t">Muhạmmad Amīn Bī Yūz of Hịsạ̄r --</subfield>
         <subfield code="t">The Qungrāt Amīrs of Bāysūn and Shīrābād --</subfield>
         <subfield code="t">Conclusion --</subfield>
         <subfield code="t">The institutionalization of manghit authority --</subfield>
         <subfield code="t">The Wilāyāt-i Mahṛūsa as a Herrschaftsverband --</subfield>
         <subfield code="t">The order of things in eighteenth-century chronicles --</subfield>
         <subfield code="t">Preconditions for the forging of personal ties --</subfield>
         <subfield code="t">The image of the protectors from the perspective of the protégés --</subfield>
         <subfield code="t">Rituals of power : The Bay'a and Kūrnish --</subfield>
         <subfield code="t">Notions of loyalty and obedience --</subfield>
         <subfield code="t">Ikhlās, Hawā-khwāhī and other terms for loyalty --</subfield>
      </datafield>
      <datafield tag="505" ind1="0" ind2="0">
         <subfield code="9"/>
         <subfield code="t">ltạ̄ 'at, Inqiyād and Īlī : obedience and subordination --</subfield>
         <subfield code="t">Farmān-bardārī and Khidhmatgārī : subjection and service --</subfield>
         <subfield code="t">Provision of resources by subordinated actors --</subfield>
         <subfield code="t">Jān-Sipārī : sacrifice and devotion --</subfield>
         <subfield code="t">Acts of favor, grace and compassion --</subfield>
         <subfield code="t">Marhạmạt, Shafaqat and Ināyat : terms for favor, benevolence and affection --</subfield>
         <subfield code="t">Particular acts of favor : patterns and situations --</subfield>
         <subfield code="t">Tarbiyat and Isṭinā' : nurture, promotion and marks of favor --</subfield>
         <subfield code="t">Patterns of gubernatorial appointments --</subfield>
         <subfield code="t">Qurbat : intimacy and affinity --</subfield>
         <subfield code="t">Bunuwwat and Farzandī : filiation and sonship --</subfield>
         <subfield code="t">Ri āyat and Hịmāyat (Hịrāsat, Hifāzạt) : attention, solicitude and protection --</subfield>
         <subfield code="t">Provision of resources by social superiors --</subfield>
         <subfield code="t">Back to the beginning : notions of fear and anxiety --</subfield>
         <subfield code="t">Conclusion --</subfield>
         <subfield code="t">Generosity and gift giving --</subfield>
         <subfield code="t">The terminology of the gift in the chronicles --</subfield>
         <subfield code="t">Gifts from below and instances of gift exchange --</subfield>
      </datafield>
      <datafield tag="505" ind1="0" ind2="0">
         <subfield code="9"/>
         <subfield code="t">Of jewels, horses and rare fabrics : objects of gift exchange --</subfield>
         <subfield code="t">Namak-khwurī : notions of gratitude and right behavior --</subfield>
         <subfield code="t">The motif of generosity in the example of Jāwush Bāy --</subfield>
         <subfield code="t">The Tūy and other festivities --</subfield>
         <subfield code="t">Qutluq Bāy donates a garden --</subfield>
         <subfield code="t">Conclusion --</subfield>
         <subfield code="t">Mediation and brokerage --</subfield>
         <subfield code="t">Tashafu' and Tawassul : intercession and forging connections --</subfield>
         <subfield code="t">Village elders : fragments from the sources --</subfield>
         <subfield code="t">Religious nobles as intermediaries --</subfield>
         <subfield code="t">The manghit chiefs as power brokers --</subfield>
         <subfield code="t">Insights into a Kingāsh --</subfield>
         <subfield code="t">What makes an ideal intermediary? --</subfield>
         <subfield code="t">Conclusion --</subfield>
         <subfield code="t">The portrayal of order in bukharan chronicles --</subfield>
         <subfield code="t">Justice-dispensing and ordering ruler --</subfield>
         <subfield code="t">Hierarchies and spatial manifestations of social order --</subfield>
         <subfield code="t">Mullā Sharīf esteems kinship and genealogical order --</subfield>
         <subfield code="t">Causes of disorder --</subfield>
         <subfield code="t">Conclusion --</subfield>
         <subfield code="t">The superhuman protector and the role of destiny --</subfield>
         <subfield code="t">The chronicles as snapshots of social order --</subfield>
         <subfield code="t">Conclusion --</subfield>
      </datafield>
      <datafield tag="505" ind1="0" ind2="0">
         <subfield code="9"/>
         <subfield code="t">Social order(s) in nineteenth-century transoxania --</subfield>
         <subfield code="t">The manghit period : rulers and milestones --</subfield>
         <subfield code="t">Muhạmmad Dānyāl Bī b. Khudāyār Bī --</subfield>
         <subfield code="t">Shāh Murād Bī --</subfield>
         <subfield code="t">Amīr Hạidar --</subfield>
         <subfield code="t">The succession struggle 1826-1827 --</subfield>
         <subfield code="t">Amir Nasṛullah Khān --</subfield>
         <subfield code="t">The last three manghit Amīrs --</subfield>
         <subfield code="t">Social order at the Bukharan court --</subfield>
         <subfield code="t">Shāh Murād's image in nineteenth-century historiography --</subfield>
         <subfield code="t">Rituals of power at Amīr Hạidar's court --</subfield>
         <subfield code="t">Nasṛullah Khān : the lord of the auspicious conjunction --</subfield>
         <subfield code="t">Summary --</subfield>
         <subfield code="t">Russia's protectorate reconsidered --</subfield>
         <subfield code="t">The russian expansion : a chronological overview --</subfield>
         <subfield code="t">Russian protagonists and local power brokers --</subfield>
         <subfield code="t">The effects of the russian presence --</subfield>
         <subfield code="t">Summary --</subfield>
         <subfield code="t">Foreign images of transoxania's social order --</subfield>
         <subfield code="t">Foreign experiences of bukharan hospitality --</subfield>
         <subfield code="t">Trapped in the regional gift cycle --</subfield>
         <subfield code="t">Diverging worldviews, divergent tastes --</subfield>
         <subfield code="t">The Bukharan horse trade --</subfield>
         <subfield code="t">Summary --</subfield>
      </datafield>
      <datafield tag="505" ind1="0" ind2="0">
         <subfield code="9"/>
         <subfield code="t">Social order(s) in the Bukharan countryside --</subfield>
         <subfield code="t">Sharecropping, land tenure and patronage in Bukhara --</subfield>
         <subfield code="t">Institutionalized indebtedness --</subfield>
         <subfield code="t">Āqsaqāls according to foreign and secondary sources --</subfield>
         <subfield code="t">Āqsaqāls in Bukharan sources --</subfield>
         <subfield code="t">On the selection and performance of Āqsaqāls --</subfield>
         <subfield code="t">Summary --</subfield>
         <subfield code="t">Making sense of the petition system --</subfield>
         <subfield code="t">Summary --</subfield>
         <subfield code="t">Conclusion --</subfield>
         <subfield code="t">Transoxania before and after 1868 --</subfield>
         <subfield code="t">The formation of the nascent bukharan state --</subfield>
         <subfield code="t">Concluding remarks --</subfield>
         <subfield code="t">Why apply the social order concept? --</subfield>
         <subfield code="t">The added scientific value of the social order concept --</subfield>
         <subfield code="t">The end of chronicle writing --</subfield>
         <subfield code="t">Glossary --</subfield>
         <subfield code="t">Appendices --</subfield>
         <subfield code="t">Genealogical tables --</subfield>
         <subfield code="t">Weights and currencies --</subfield>
         <subfield code="t">List of revenues from the Tūmānāt of Transoxania (in 1833) --</subfield>
         <subfield code="t">Table of tribes and districts supplying troops for Nasṛullah Khān's army --</subfield>
         <subfield code="t">Maps --</subfield>
         <subfield code="g">Bibliography --</subfield>
         <subfield code="g">Indices.</subfield>
      </datafield>
      <datafield tag="651" ind1=" " ind2="0">
         <subfield code="a">Khanate of Bukhara</subfield>
         <subfield code="x">History</subfield>
         <subfield code="y">18th century.</subfield>
      </datafield>
      <datafield tag="651" ind1=" " ind2="0">
         <subfield code="a">Khanate of Bukhara</subfield>
         <subfield code="x">History</subfield>
         <subfield code="y">19th century.</subfield>
      </datafield>
      <datafield tag="650" ind1=" " ind2="0">
         <subfield code="a">Social classes</subfield>
         <subfield code="z">Khanate of Bukhara</subfield>
         <subfield code="x">History</subfield>
         <subfield code="y">18th century.</subfield>
      </datafield>
      <datafield tag="650" ind1=" " ind2="0">
         <subfield code="a">Social classes</subfield>
         <subfield code="z">Khanate of Bukhara</subfield>
         <subfield code="x">History</subfield>
         <subfield code="y">19th century.</subfield>
      </datafield>
      <datafield tag="650" ind1=" " ind2="0">
         <subfield code="a">Social structure</subfield>
         <subfield code="z">Khanate of Bukhara</subfield>
         <subfield code="x">History</subfield>
         <subfield code="y">18th century.</subfield>
      </datafield>
      <datafield tag="650" ind1=" " ind2="0">
         <subfield code="a">Social structure</subfield>
         <subfield code="z">Khanate of Bukhara</subfield>
         <subfield code="x">History</subfield>
         <subfield code="y">19th century.</subfield>
      </datafield>
      <datafield tag="650" ind1=" " ind2="0">
         <subfield code="a">Power (Social sciences)</subfield>
         <subfield code="z">Khanate of Bukhara</subfield>
         <subfield code="x">History</subfield>
         <subfield code="y">18th century.</subfield>
      </datafield>
      <datafield tag="650" ind1=" " ind2="0">
         <subfield code="a">Power (Social sciences)</subfield>
         <subfield code="z">Khanate of Bukhara</subfield>
         <subfield code="x">History</subfield>
         <subfield code="y">19th century.</subfield>
      </datafield>
      <datafield tag="651" ind1=" " ind2="0">
         <subfield code="a">Khanate of Bukhara</subfield>
         <subfield code="x">Social conditions.</subfield>
      </datafield>
      <datafield tag="651" ind1=" " ind2="0">
         <subfield code="a">Khanate of Bukhara</subfield>
         <subfield code="x">Social life and customs.</subfield>
      </datafield>
      <datafield tag="651" ind1=" " ind2="7">
         <subfield code="a">Oxus (river)</subfield>
         <subfield code="2">pleiades</subfield>
         <subfield code="0">https://pleiades.stoa.org/places/59969</subfield>
         <subfield code="5">NyNyUAW</subfield>
      </datafield>
      <datafield tag="650" ind1=" " ind2="7">
         <subfield code="a">Manners and customs.</subfield>
         <subfield code="2">fast</subfield>
         <subfield code="0">(OCoLC)fst01007815</subfield>
      </datafield>
      <datafield tag="650" ind1=" " ind2="7">
         <subfield code="a">Power (Social sciences)</subfield>
         <subfield code="2">fast</subfield>
         <subfield code="0">(OCoLC)fst01074219</subfield>
      </datafield>
      <datafield tag="650" ind1=" " ind2="7">
         <subfield code="a">Social classes.</subfield>
         <subfield code="2">fast</subfield>
         <subfield code="0">(OCoLC)fst01122346</subfield>
      </datafield>
      <datafield tag="650" ind1=" " ind2="7">
         <subfield code="a">Social conditions.</subfield>
         <subfield code="2">fast</subfield>
         <subfield code="0">(OCoLC)fst01919811</subfield>
      </datafield>
      <datafield tag="650" ind1=" " ind2="7">
         <subfield code="a">Social structure.</subfield>
         <subfield code="2">fast</subfield>
         <subfield code="0">(OCoLC)fst01123372</subfield>
      </datafield>
      <datafield tag="651" ind1=" " ind2="7">
         <subfield code="a">Asia</subfield>
         <subfield code="z">Khanate of Bukhara.</subfield>
         <subfield code="2">fast</subfield>
         <subfield code="0">(OCoLC)fst01238643</subfield>
      </datafield>
      <datafield tag="648" ind1=" " ind2="7">
         <subfield code="a">1700-1899.</subfield>
         <subfield code="2">fast</subfield>
      </datafield>
      <datafield tag="655" ind1=" " ind2="7">
         <subfield code="a">History.</subfield>
         <subfield code="2">fast</subfield>
         <subfield code="0">(OCoLC)fst01411628</subfield>
      </datafield>
      <datafield tag="830" ind1=" " ind2="0">
         <subfield code="a">Sitzungsberichte (Österreichische Akademie der Wissenschaften. Philosophisch-Historische Klasse) ;</subfield>
         <subfield code="v">877. Bd.</subfield>
      </datafield>
      <datafield tag="830" ind1=" " ind2="0">
         <subfield code="a">Veröffentlichungen zur Iranistik ;</subfield>
         <subfield code="v">Nr. 80.</subfield>
      </datafield>
      <datafield tag="994" ind1=" " ind2=" ">
         <subfield code="a">Z0</subfield>
         <subfield code="b">ZYU</subfield>
      </datafield>
      <datafield tag="OWN" ind1=" " ind2=" ">
         <subfield code="a">GENERAL</subfield>
      </datafield>
      <datafield tag="AVA" ind1=" " ind2=" ">
         <subfield code="a">NYU50</subfield>
         <subfield code="b">NISAW</subfield>
         <subfield code="c">Small Collection</subfield>
         <subfield code="d">DK948.84 .W55 2016 Non-circulating</subfield>
         <subfield code="e">available</subfield>
         <subfield code="t">Available</subfield>
         <subfield code="f">3</subfield>
         <subfield code="g">0</subfield>
         <subfield code="h">Y</subfield>
         <subfield code="i">0</subfield>
         <subfield code="j">SMALL</subfield>
         <subfield code="k">0</subfield>
      </datafield>
      <marc:datafield tag="852" ind1=" " ind2=" ">
         <marc:subfield code="b">Institute for the Study of the Ancient World, </marc:subfield>
         <marc:subfield code="c">Small Collection</marc:subfield>
         <marc:subfield code="e">15 East 84th St., </marc:subfield>
         <marc:subfield code="e">New York, NY  10028</marc:subfield>
      </marc:datafield>
   </record>