
  
  
  
  
  
  
  
  
  
  
  
  
 
  
  <record xsi:schemaLocation="http://www.loc.gov/MARC21/slim http://www.loc.gov/standards/marcxml/schema/MARC21slim.xsd">
      <leader>00000cas a2200325   4500</leader>
      <controlfield tag="FMT">SE</controlfield>
      <controlfield tag="LDR">00000cas a2200325   4500</controlfield>
      <controlfield tag="001">001191334</controlfield>
      <controlfield tag="003">NNU</controlfield>
      <controlfield tag="005">20101206091322.0</controlfield>
      <controlfield tag="008">750411c18999999gw ar p       0   b0ger d</controlfield>
      <datafield tag="010" ind1=" " ind2=" ">
         <subfield code="a">ca 09002659</subfield>
         <subfield code="z">sn 86011260</subfield>
      </datafield>
      <datafield tag="022" ind1=" " ind2=" ">
         <subfield code="a">0342-118X</subfield>
      </datafield>
      <datafield tag="035" ind1="9" ind2=" ">
         <subfield code="a">NYUb11546134</subfield>
      </datafield>
      <datafield tag="035" ind1=" " ind2=" ">
         <subfield code="a">(OCoLC)1268274</subfield>
      </datafield>
      <datafield tag="035" ind1=" " ind2=" ">
         <subfield code="a">(CStRLIN)DCLCCA092659-S</subfield>
      </datafield>
      <datafield tag="040" ind1=" " ind2=" ">
         <subfield code="a">NhD</subfield>
         <subfield code="c">NhD</subfield>
         <subfield code="d">CtY</subfield>
         <subfield code="d">NIC</subfield>
         <subfield code="d">CU-UC</subfield>
         <subfield code="d">MBTI</subfield>
         <subfield code="d">AIP</subfield>
         <subfield code="d">OCoLC</subfield>
         <subfield code="d">NST</subfield>
         <subfield code="d">DLC</subfield>
         <subfield code="d">NST</subfield>
         <subfield code="d">CStRLIN</subfield>
         <subfield code="d">NNU</subfield>
      </datafield>
      <datafield tag="042" ind1=" " ind2=" ">
         <subfield code="a">nsdp</subfield>
         <subfield code="a">lc</subfield>
      </datafield>
      <datafield tag="050" ind1=" " ind2="4">
         <subfield code="a">DS41</subfield>
         <subfield code="b">.D43</subfield>
      </datafield>
      <datafield tag="079" ind1=" " ind2=" ">
         <subfield code="a">(OCoLC)1268274</subfield>
      </datafield>
      <datafield tag="110" ind1="2" ind2=" ">
         <subfield code="a">Deutsche Orient-Gesellschaft.</subfield>
      </datafield>
      <datafield tag="210" ind1="0" ind2=" ">
         <subfield code="a">Mitt. Dtsch. Orient-Ges. Berl.</subfield>
      </datafield>
      <datafield tag="222" ind1=" " ind2="0">
         <subfield code="a">Mitteilungen der Deutschen Orient-Gesellschaft zu Berlin</subfield>
      </datafield>
      <datafield tag="245" ind1="1" ind2="0">
         <subfield code="a">Mitteilungen der Deutschen Orient-Gesellschaft zu Berlin.</subfield>
      </datafield>
      <datafield tag="260" ind1=" " ind2=" ">
         <subfield code="a">Berlin,</subfield>
         <subfield code="b">Deutsche Orient-Gesellschaft.</subfield>
      </datafield>
      <datafield tag="300" ind1=" " ind2=" ">
         <subfield code="a">v.</subfield>
         <subfield code="b">ill., plates, maps (part fold.) plans (part fold., part in pocket)</subfield>
         <subfield code="c">24 cm.</subfield>
      </datafield>
      <datafield tag="310" ind1=" " ind2=" ">
         <subfield code="a">Annual</subfield>
      </datafield>
      <datafield tag="362" ind1="0" ind2=" ">
         <subfield code="a">Nr. 1- Mai/März 1898/99-</subfield>
      </datafield>
      <datafield tag="500" ind1=" " ind2=" ">
         <subfield code="a">Latest issue consulted: Nr.111 (1979).</subfield>
      </datafield>
      <datafield tag="510" ind1="2" ind2=" ">
         <subfield code="a">MLA international bibliography of books and articles on the modern languages and literatures (Complete edition)</subfield>
         <subfield code="x">0024-8215</subfield>
      </datafield>
      <datafield tag="500" ind1=" " ind2=" ">
         <subfield code="a">ISAW copy is from the library of Paul Åström.</subfield>
         <subfield code="5">NyNyUAW</subfield>
      </datafield>
      <datafield tag="650" ind1=" " ind2="0">
         <subfield code="a">Oriental antiquities</subfield>
         <subfield code="v">Periodicals.</subfield>
      </datafield>
      <datafield tag="650" ind1=" " ind2="0">
         <subfield code="a">Excavations (Archaeology)</subfield>
         <subfield code="v">Periodicals.</subfield>
      </datafield>
      <datafield tag="700" ind1="1" ind2=" ">
         <subfield code="a">Åström, Paul,</subfield>
         <subfield code="e">former owner.</subfield>
         <subfield code="5">NyNyUAW</subfield>
      </datafield>
      <datafield tag="740" ind1="0" ind2=" ">
         <subfield code="a">Åström Collection.</subfield>
         <subfield code="5">NyNyUAW</subfield>
      </datafield>
      <datafield tag="OWN" ind1=" " ind2=" ">
         <subfield code="a">GENERAL</subfield>
      </datafield>
      <datafield tag="966" ind1=" " ind2=" ">
         <subfield code="l">IFA</subfield>
         <subfield code="d">Periodicals</subfield>
         <subfield code="j">124-</subfield>
         <subfield code="k">1992-</subfield>
      </datafield>
      <datafield tag="966" ind1=" " ind2=" ">
         <subfield code="l">Bobst</subfield>
         <subfield code="d">DS41.D43</subfield>
         <subfield code="j">128-</subfield>
         <subfield code="k">1996-</subfield>
      </datafield>
      <datafield tag="950" ind1=" " ind2=" ">
         <subfield code="l">IFAPE</subfield>
         <subfield code="a">DS41</subfield>
         <subfield code="b">.D43</subfield>
      </datafield>
      <datafield tag="H66" ind1=" " ind2=" ">
         <subfield code="l">ISAW Oak Collection</subfield>
         <subfield code="d">DS41 .D43</subfield>
         <subfield code="q">NISAWOAK=ZZ</subfield>
         <subfield code="e">1004</subfield>
         <subfield code="j">1-11, 13-121, 123-139</subfield>
         <subfield code="k">Mai/März 1898/99-März 1902, Mai 1902-August 1950, Dezember 1952-1991, 1991-2007</subfield>
      </datafield>
      <datafield tag="AVA" ind1=" " ind2=" ">
         <subfield code="a">NYU50</subfield>
         <subfield code="b">BOBST</subfield>
         <subfield code="c">Main Collection</subfield>
         <subfield code="d">DS41 .D43</subfield>
         <subfield code="e">check_holdings</subfield>
         <subfield code="t">Check Holdings</subfield>
         <subfield code="h">Y</subfield>
         <subfield code="j">MAIN</subfield>
         <subfield code="k">0</subfield>
      </datafield>
      <datafield tag="AVA" ind1=" " ind2=" ">
         <subfield code="a">NYU50</subfield>
         <subfield code="b">NIFA</subfield>
         <subfield code="c">Periodicals</subfield>
         <subfield code="d">Non-circulating</subfield>
         <subfield code="e">check_holdings</subfield>
         <subfield code="t">Check Holdings</subfield>
         <subfield code="h">Y</subfield>
         <subfield code="j">PERIO</subfield>
      </datafield>
      <datafield tag="AVA" ind1=" " ind2=" ">
         <subfield code="a">NYU50</subfield>
         <subfield code="b">NISAW</subfield>
         <subfield code="c">Oak Collection</subfield>
         <subfield code="d">DS41 .D43 Non-circulating</subfield>
         <subfield code="e">available</subfield>
         <subfield code="t">Available</subfield>
         <subfield code="f">72</subfield>
         <subfield code="g">0</subfield>
         <subfield code="h">Y</subfield>
         <subfield code="i">0</subfield>
         <subfield code="j">OAK</subfield>
         <subfield code="k">0</subfield>
      </datafield>
      <marc:datafield tag="852" ind1=" " ind2=" ">
         <marc:subfield code="b">Institute for the Study of the Ancient World, </marc:subfield>
         <marc:subfield code="c">Oak Collection</marc:subfield>
         <marc:subfield code="e">15 East 84th St., </marc:subfield>
         <marc:subfield code="e">New York, NY  10028</marc:subfield>
      </marc:datafield>
   </record>