
  
  
  
  
  
  
  
  
  
  
  
  
 
  
  <record xsi:schemaLocation="http://www.loc.gov/MARC21/slim http://www.loc.gov/standards/marcxml/schema/MARC21slim.xsd">
      <leader>00000cam a22      i 4500</leader>
      <controlfield tag="FMT">BK</controlfield>
      <controlfield tag="LDR">00000cam a22      i 4500</controlfield>
      <controlfield tag="001">006015934</controlfield>
      <controlfield tag="005">20180305143245.0</controlfield>
      <controlfield tag="008">170922s2017    be ab    b    001 0deng c</controlfield>
      <datafield tag="020" ind1=" " ind2=" ">
         <subfield code="a">9789042935006</subfield>
         <subfield code="q">(pbk.)</subfield>
      </datafield>
      <datafield tag="020" ind1=" " ind2=" ">
         <subfield code="a">9042935006</subfield>
         <subfield code="q">(pbk.)</subfield>
      </datafield>
      <datafield tag="024" ind1="3" ind2=" ">
         <subfield code="a">9789042935006</subfield>
      </datafield>
      <datafield tag="035" ind1=" " ind2=" ">
         <subfield code="a">(OCoLC)1004659648</subfield>
      </datafield>
      <datafield tag="040" ind1=" " ind2=" ">
         <subfield code="a">OHX</subfield>
         <subfield code="b">eng</subfield>
         <subfield code="e">rda</subfield>
         <subfield code="c">OHX</subfield>
         <subfield code="d">YDX</subfield>
         <subfield code="d">ERASA</subfield>
         <subfield code="d">OCLCO</subfield>
         <subfield code="d">COO</subfield>
         <subfield code="d">HLS</subfield>
         <subfield code="d">OCLCO</subfield>
         <subfield code="d">CGU</subfield>
         <subfield code="d">UAB</subfield>
         <subfield code="d">UBY</subfield>
         <subfield code="d">CHVBK</subfield>
         <subfield code="d">OCLCO</subfield>
         <subfield code="d">MEAUC</subfield>
         <subfield code="d">ZYU</subfield>
      </datafield>
      <datafield tag="041" ind1="1" ind2=" ">
         <subfield code="a">eng</subfield>
         <subfield code="a">grc</subfield>
         <subfield code="h">grc</subfield>
      </datafield>
      <datafield tag="043" ind1=" " ind2=" ">
         <subfield code="a">e-uk-en</subfield>
         <subfield code="a">f-ua---</subfield>
         <subfield code="a">e-ie---</subfield>
      </datafield>
      <datafield tag="050" ind1=" " ind2="4">
         <subfield code="a">PA3315.G8</subfield>
         <subfield code="b">B44 2017</subfield>
      </datafield>
      <datafield tag="050" ind1=" " ind2="4">
         <subfield code="a">GN799.E63</subfield>
         <subfield code="b">B44 2017</subfield>
      </datafield>
      <datafield tag="072" ind1=" " ind2="7">
         <subfield code="a">PA</subfield>
         <subfield code="2">lcco</subfield>
      </datafield>
      <datafield tag="082" ind1="0" ind2="4">
         <subfield code="a">932/.2</subfield>
         <subfield code="2">23</subfield>
      </datafield>
      <datafield tag="100" ind1="1" ind2=" ">
         <subfield code="a">Beek, Bart van,</subfield>
         <subfield code="e">author.</subfield>
      </datafield>
      <datafield tag="245" ind1="1" ind2="4">
         <subfield code="a">The archive of the architektones Kleon and Theodoros (P. Petrie Kleon) /</subfield>
         <subfield code="c">by Bart Van Beek.</subfield>
      </datafield>
      <datafield tag="264" ind1=" " ind2="1">
         <subfield code="a">Leuven :</subfield>
         <subfield code="b">Peeters,</subfield>
         <subfield code="c">2017.</subfield>
      </datafield>
      <datafield tag="300" ind1=" " ind2=" ">
         <subfield code="a">viii, 312 pages :</subfield>
         <subfield code="b">color illustrations, maps (some color) ;</subfield>
         <subfield code="c">30 cm.</subfield>
      </datafield>
      <datafield tag="336" ind1=" " ind2=" ">
         <subfield code="a">text</subfield>
         <subfield code="b">txt</subfield>
         <subfield code="2">rdacontent</subfield>
      </datafield>
      <datafield tag="337" ind1=" " ind2=" ">
         <subfield code="a">unmediated</subfield>
         <subfield code="b">n</subfield>
         <subfield code="2">rdamedia</subfield>
      </datafield>
      <datafield tag="338" ind1=" " ind2=" ">
         <subfield code="a">volume</subfield>
         <subfield code="b">nc</subfield>
         <subfield code="2">rdacarrier</subfield>
      </datafield>
      <datafield tag="490" ind1="1" ind2=" ">
         <subfield code="a">Collectanea hellenistica - KVAB ;</subfield>
         <subfield code="v">VII</subfield>
      </datafield>
      <datafield tag="504" ind1=" " ind2=" ">
         <subfield code="a">Includes bibliographical references (pages 257-271) and index.</subfield>
      </datafield>
      <datafield tag="520" ind1=" " ind2=" ">
         <subfield code="a">"This book contains the edition of texts from the archive of Kleon and Theodoros, the engineers who were responsible for the upkeep of the large scale irrigation system in the Fayum during the reigns of Ptolemy II and III between 260 and 237 BC. The Kleon archive is contemporaneous with the famous Zenon archive and offers a window on the same society from a different angle. The edition contains the texts with translation and commentary of 124 Greek papyri, of which 37 are published here for the first time; for the others there are numerous new readings and interpretations. The former edition in the Petrie papyri was over a hundred years old, difficult to consult and in need of revision. In the new edition papyrological studies of the last century are incorporated, and the persons are situated in their historical context, including a royal visit to the province in 253 BC."--Back cover.</subfield>
      </datafield>
      <datafield tag="600" ind1="0" ind2="0">
         <subfield code="a">Kleon,</subfield>
         <subfield code="d">active 260-237 B.C.</subfield>
         <subfield code="v">Archives.</subfield>
      </datafield>
      <datafield tag="600" ind1="0" ind2="0">
         <subfield code="a">Theodoros,</subfield>
         <subfield code="d">active 260-237 B.C.</subfield>
         <subfield code="v">Archives.</subfield>
      </datafield>
      <datafield tag="600" ind1="0" ind2="0">
         <subfield code="a">Kleon,</subfield>
         <subfield code="d">active 260-237 B.C.</subfield>
         <subfield code="v">Correspondence.</subfield>
      </datafield>
      <datafield tag="600" ind1="0" ind2="0">
         <subfield code="a">Theodoros,</subfield>
         <subfield code="d">active 260-237 B.C.</subfield>
         <subfield code="v">Correspondence.</subfield>
      </datafield>
      <datafield tag="630" ind1="0" ind2="0">
         <subfield code="a">P. Petrie Kleon</subfield>
         <subfield code="x">History.</subfield>
      </datafield>
      <datafield tag="600" ind1="1" ind2="0">
         <subfield code="a">Petrie, W. M. Flinders</subfield>
         <subfield code="q">(William Matthew Flinders),</subfield>
         <subfield code="d">1853-1942.</subfield>
      </datafield>
      <datafield tag="650" ind1=" " ind2="0">
         <subfield code="a">Archives</subfield>
         <subfield code="z">Egypt</subfield>
         <subfield code="z">Fayyūm.</subfield>
      </datafield>
      <datafield tag="650" ind1=" " ind2="0">
         <subfield code="a">Irrigation engineering, Prehistoric</subfield>
         <subfield code="z">Egypt</subfield>
         <subfield code="x">History</subfield>
         <subfield code="v">Sources.</subfield>
      </datafield>
      <datafield tag="650" ind1=" " ind2="0">
         <subfield code="a">Irrigation engineering, Prehistoric</subfield>
         <subfield code="z">Egypt</subfield>
         <subfield code="x">Manuscripts</subfield>
         <subfield code="x">History.</subfield>
      </datafield>
      <datafield tag="650" ind1=" " ind2="0">
         <subfield code="a">Stone-cutting</subfield>
         <subfield code="z">Egypt</subfield>
         <subfield code="x">Manuscripts.</subfield>
      </datafield>
      <datafield tag="650" ind1=" " ind2="0">
         <subfield code="a">Irrigation engineers</subfield>
         <subfield code="z">Egypt</subfield>
         <subfield code="v">Biography.</subfield>
      </datafield>
      <datafield tag="650" ind1=" " ind2="0">
         <subfield code="a">Stone-cutters</subfield>
         <subfield code="z">Egypt</subfield>
         <subfield code="v">Biography.</subfield>
      </datafield>
      <datafield tag="650" ind1=" " ind2="0">
         <subfield code="a">Irrigation engineers</subfield>
         <subfield code="z">Egypt</subfield>
         <subfield code="v">Correspondence.</subfield>
      </datafield>
      <datafield tag="650" ind1=" " ind2="0">
         <subfield code="a">Stone-cutters</subfield>
         <subfield code="z">Egypt</subfield>
         <subfield code="v">Correspondence.</subfield>
      </datafield>
      <datafield tag="651" ind1=" " ind2="0">
         <subfield code="a">Egypt</subfield>
         <subfield code="x">History</subfield>
         <subfield code="y">Greco-Roman period, 332 B.C.-640 A.D.</subfield>
         <subfield code="v">Sources.</subfield>
      </datafield>
      <datafield tag="650" ind1=" " ind2="0">
         <subfield code="a">Egyptologists</subfield>
         <subfield code="z">England</subfield>
         <subfield code="v">Biography.</subfield>
      </datafield>
      <datafield tag="650" ind1=" " ind2="0">
         <subfield code="a">Archaeologists</subfield>
         <subfield code="z">England</subfield>
         <subfield code="v">Biography.</subfield>
      </datafield>
      <datafield tag="650" ind1=" " ind2="0">
         <subfield code="a">Manuscripts, Greek (Papyri)</subfield>
         <subfield code="z">Egypt</subfield>
         <subfield code="z">Gurob (Extinct city)</subfield>
      </datafield>
      <datafield tag="650" ind1=" " ind2="0">
         <subfield code="a">Manuscripts, Greek (Papyri)</subfield>
         <subfield code="z">Egypt</subfield>
         <subfield code="z">Fayyūm (Province)</subfield>
      </datafield>
      <datafield tag="651" ind1=" " ind2="0">
         <subfield code="a">Fayyūm (Egypt : Province)</subfield>
         <subfield code="x">Antiquities.</subfield>
      </datafield>
      <datafield tag="650" ind1=" " ind2="0">
         <subfield code="a">Manuscripts, Greek (Papyri)</subfield>
         <subfield code="z">England</subfield>
         <subfield code="z">London</subfield>
         <subfield code="x">History.</subfield>
      </datafield>
      <datafield tag="650" ind1=" " ind2="0">
         <subfield code="a">Manuscripts, Greek (Papyri)</subfield>
         <subfield code="z">Ireland</subfield>
         <subfield code="z">Dublin</subfield>
         <subfield code="x">History.</subfield>
      </datafield>
      <datafield tag="651" ind1=" " ind2="7">
         <subfield code="a">Kom Medinet Ghurab.</subfield>
         <subfield code="2">pleiades</subfield>
         <subfield code="0">https://pleiades.stoa.org/places/736943</subfield>
      </datafield>
      <datafield tag="600" ind1="1" ind2="7">
         <subfield code="a">Petrie, William M. Flinders</subfield>
         <subfield code="d">1853-1942.</subfield>
         <subfield code="2">gnd</subfield>
         <subfield code="0">(DE-588)11910203X</subfield>
      </datafield>
      <datafield tag="650" ind1=" " ind2="7">
         <subfield code="a">Bewässerungssystem.</subfield>
         <subfield code="2">gnd</subfield>
         <subfield code="0">(DE-588)4145122-3</subfield>
      </datafield>
      <datafield tag="650" ind1=" " ind2="7">
         <subfield code="a">Griechisch.</subfield>
         <subfield code="2">gnd</subfield>
         <subfield code="0">(DE-588)4113791-7</subfield>
      </datafield>
      <datafield tag="650" ind1=" " ind2="7">
         <subfield code="a">Papyrus.</subfield>
         <subfield code="2">gnd</subfield>
         <subfield code="0">(DE-588)4044571-9</subfield>
      </datafield>
      <datafield tag="651" ind1=" " ind2="7">
         <subfield code="a">Ägypten</subfield>
         <subfield code="g">Altertum.</subfield>
         <subfield code="2">gnd</subfield>
         <subfield code="0">(DE-588)4068430-1</subfield>
      </datafield>
      <datafield tag="651" ind1=" " ind2="7">
         <subfield code="a">al- Faiyūm</subfield>
         <subfield code="g">Becken : Geographie.</subfield>
         <subfield code="2">gnd</subfield>
         <subfield code="0">(DE-588)4094930-8</subfield>
      </datafield>
      <datafield tag="830" ind1=" " ind2="0">
         <subfield code="a">Collectanea hellenistica ;</subfield>
         <subfield code="v">7.</subfield>
      </datafield>
      <datafield tag="OWN" ind1=" " ind2=" ">
         <subfield code="a">GENERAL</subfield>
      </datafield>
      <datafield tag="AVA" ind1=" " ind2=" ">
         <subfield code="a">NYU50</subfield>
         <subfield code="b">NISAW</subfield>
         <subfield code="c">Large Collection</subfield>
         <subfield code="d">PA3315.G8 B44 2017 Non-circulating</subfield>
         <subfield code="e">available</subfield>
         <subfield code="t">Available</subfield>
         <subfield code="f">1</subfield>
         <subfield code="g">0</subfield>
         <subfield code="h">N</subfield>
         <subfield code="i">0</subfield>
         <subfield code="j">LARGE</subfield>
         <subfield code="k">0</subfield>
      </datafield>
      <marc:datafield tag="852" ind1=" " ind2=" ">
         <marc:subfield code="b">Institute for the Study of the Ancient World, </marc:subfield>
         <marc:subfield code="c">Large Collection</marc:subfield>
         <marc:subfield code="e">15 East 84th St., </marc:subfield>
         <marc:subfield code="e">New York, NY  10028</marc:subfield>
      </marc:datafield>
   </record>