
  
  
  
  
  
  
  
  
  
  
  
 
  
  <record xsi:schemaLocation="http://www.loc.gov/MARC21/slim http://www.loc.gov/standards/marcxml/schema/MARC21slim.xsd">
      <leader>00000cam a2200373 i 4500</leader>
      <controlfield tag="FMT">BK</controlfield>
      <controlfield tag="LDR">00000cam a2200373 i 4500</controlfield>
      <controlfield tag="001">001829969</controlfield>
      <controlfield tag="003">NNU</controlfield>
      <controlfield tag="005">20180227103956.0</controlfield>
      <controlfield tag="008">890914m19769999txua     b    000 0 eng</controlfield>
      <datafield tag="010" ind1=" " ind2=" ">
         <subfield code="a">75040116//r822</subfield>
      </datafield>
      <datafield tag="020" ind1=" " ind2=" ">
         <subfield code="a">0870741535 (v. 1)</subfield>
      </datafield>
      <datafield tag="035" ind1="9" ind2=" ">
         <subfield code="a">NYUb10765036</subfield>
      </datafield>
      <datafield tag="035" ind1=" " ind2=" ">
         <subfield code="a">(CStRLIN)NYUG89-B35266</subfield>
      </datafield>
      <datafield tag="035" ind1=" " ind2=" ">
         <subfield code="a">GLIS007650367</subfield>
      </datafield>
      <datafield tag="040" ind1=" " ind2=" ">
         <subfield code="d">NNU</subfield>
      </datafield>
      <datafield tag="043" ind1=" " ind2=" ">
         <subfield code="a">a-is---</subfield>
      </datafield>
      <datafield tag="050" ind1="0" ind2=" ">
         <subfield code="a">GN855.I75</subfield>
         <subfield code="b">P7</subfield>
      </datafield>
      <datafield tag="082" ind1=" " ind2=" ">
         <subfield code="a">933</subfield>
      </datafield>
      <datafield tag="090" ind1=" " ind2=" ">
         <subfield code="a">GN855.I75</subfield>
         <subfield code="b">P7</subfield>
         <subfield code="i">01/24/90 CT</subfield>
      </datafield>
      <datafield tag="245" ind1="0" ind2="0">
         <subfield code="a">Prehistory and paleoenvironments in the central Negev, Israel /</subfield>
         <subfield code="c">edited by Anthony E. Marks ; artifact ill. by Lucile Addington.</subfield>
      </datafield>
      <datafield tag="260" ind1=" " ind2=" ">
         <subfield code="a">Dallas :</subfield>
         <subfield code="b">SMU Press,</subfield>
         <subfield code="c">c1976-</subfield>
      </datafield>
      <datafield tag="300" ind1=" " ind2=" ">
         <subfield code="a">v. :</subfield>
         <subfield code="b">ill. ;</subfield>
         <subfield code="c">28 cm.</subfield>
      </datafield>
      <datafield tag="490" ind1="1" ind2=" ">
         <subfield code="a">Reports of investigations / Institute for the Study of Earth and Man ; 1-3</subfield>
      </datafield>
      <datafield tag="500" ind1=" " ind2=" ">
         <subfield code="a">ISAW copy is from the library of Lawrence E. Stager.</subfield>
         <subfield code="5">NyNyUAW</subfield>
      </datafield>
      <datafield tag="504" ind1=" " ind2=" ">
         <subfield code="a">Includes bibliographies.</subfield>
      </datafield>
      <datafield tag="505" ind1="1" ind2="0">
         <subfield code="g">v. 1.</subfield>
         <subfield code="t">The Avdat/Aqev area --</subfield>
         <subfield code="g">v. 2.</subfield>
         <subfield code="t">The Avdat/Aqev area, and the har harif --</subfield>
         <subfield code="g">v. 3.</subfield>
         <subfield code="t">The Avdat/Awev area.</subfield>
      </datafield>
      <datafield tag="583" ind1="1" ind2=" ">
         <subfield code="a">committed to retain</subfield>
         <subfield code="c">20160630</subfield>
         <subfield code="d">20310630</subfield>
         <subfield code="f">EAST</subfield>
         <subfield code="h">Elmer Holmes Bobst Library</subfield>
         <subfield code="z">This title retained by New York University Libraries on behalf of the Eastern Academic Scholars Trust (EAST)</subfield>
         <subfield code="5">NNU</subfield>
      </datafield>
      <datafield tag="650" ind1=" " ind2="0">
         <subfield code="a">Prehistoric peoples</subfield>
         <subfield code="z">Israel</subfield>
         <subfield code="z">Negev.</subfield>
      </datafield>
      <datafield tag="651" ind1=" " ind2="0">
         <subfield code="a">Negev (Israel)</subfield>
         <subfield code="x">Antiquities.</subfield>
      </datafield>
      <datafield tag="650" ind1=" " ind2="0">
         <subfield code="a">Geology</subfield>
         <subfield code="z">Israel</subfield>
         <subfield code="z">Negev.</subfield>
      </datafield>
      <datafield tag="651" ind1=" " ind2="7">
         <subfield code="a">Negev.</subfield>
         <subfield code="2">pleiades</subfield>
         <subfield code="0">https://pleiades.stoa.org/places/687985</subfield>
         <subfield code="5">NyNyUAW</subfield>
      </datafield>
      <datafield tag="700" ind1="1" ind2=" ">
         <subfield code="a">Marks, Anthony E.</subfield>
      </datafield>
      <datafield tag="700" ind1="1" ind2=" ">
         <subfield code="a">Stager, Lawrence E.,</subfield>
         <subfield code="e">former owner.</subfield>
         <subfield code="5">NyNyUAW</subfield>
      </datafield>
      <datafield tag="740" ind1="0" ind2=" ">
         <subfield code="a">Stager Collection.</subfield>
         <subfield code="5">NyNyUAW</subfield>
      </datafield>
      <datafield tag="830" ind1=" " ind2="0">
         <subfield code="a">Reports of investigations (Southern Methodist University. Institute for the Study of Earth and Man) ;</subfield>
         <subfield code="v">1-3.</subfield>
      </datafield>
      <datafield tag="OWN" ind1=" " ind2=" ">
         <subfield code="a">GENERAL</subfield>
      </datafield>
      <datafield tag="950" ind1=" " ind2=" ">
         <subfield code="l">BMAIN</subfield>
         <subfield code="n">455:sl\Unanalyzed\</subfield>
         <subfield code="i">01/24/90 C</subfield>
      </datafield>
      <datafield tag="955" ind1=" " ind2=" ">
         <subfield code="l">BMAIN</subfield>
         <subfield code="c">1:v.3</subfield>
         <subfield code="q">89-B35266-1</subfield>
         <subfield code="r">014235330</subfield>
         <subfield code="i">01/24/90 C</subfield>
      </datafield>
      <datafield tag="955" ind1=" " ind2=" ">
         <subfield code="l">BMAIN</subfield>
         <subfield code="c">1:v.2</subfield>
         <subfield code="q">89-B35266-1</subfield>
         <subfield code="r">014235272</subfield>
         <subfield code="i">01/24/90 C</subfield>
      </datafield>
      <datafield tag="955" ind1=" " ind2=" ">
         <subfield code="l">BMAIN</subfield>
         <subfield code="c">1:v.1</subfield>
         <subfield code="q">89-B35266-1</subfield>
         <subfield code="r">014235371</subfield>
         <subfield code="i">01/24/90 C</subfield>
      </datafield>
      <datafield tag="998" ind1=" " ind2=" ">
         <subfield code="a">01/24/90</subfield>
         <subfield code="t">b</subfield>
         <subfield code="s">9110</subfield>
         <subfield code="n">NNU</subfield>
         <subfield code="w">DCLC7540116B</subfield>
         <subfield code="d">09/14/89</subfield>
         <subfield code="b">JR</subfield>
         <subfield code="i">900124</subfield>
         <subfield code="l">NYUG</subfield>
      </datafield>
      <datafield tag="AVA" ind1=" " ind2=" ">
         <subfield code="a">NYU50</subfield>
         <subfield code="b">BOBST</subfield>
         <subfield code="c">Main Collection</subfield>
         <subfield code="d">GN855.I75 P7</subfield>
         <subfield code="e">available</subfield>
         <subfield code="t">Available</subfield>
         <subfield code="f">3</subfield>
         <subfield code="g">0</subfield>
         <subfield code="h">Y</subfield>
         <subfield code="i">1</subfield>
         <subfield code="j">MAIN</subfield>
         <subfield code="k">0</subfield>
      </datafield>
      <datafield tag="AVA" ind1=" " ind2=" ">
         <subfield code="a">NYU50</subfield>
         <subfield code="b">NISAW</subfield>
         <subfield code="c">Large Collection</subfield>
         <subfield code="d">GN855.I75 P7 Non-circulating</subfield>
         <subfield code="e">available</subfield>
         <subfield code="t">Available</subfield>
         <subfield code="f">1</subfield>
         <subfield code="g">0</subfield>
         <subfield code="h">Y</subfield>
         <subfield code="i">0</subfield>
         <subfield code="j">LARGE</subfield>
         <subfield code="k">0</subfield>
      </datafield>
      <marc:datafield tag="852" ind1=" " ind2=" ">
         <marc:subfield code="b">Institute for the Study of the Ancient World, </marc:subfield>
         <marc:subfield code="c">Large Collection</marc:subfield>
         <marc:subfield code="e">15 East 84th St., </marc:subfield>
         <marc:subfield code="e">New York, NY  10028</marc:subfield>
      </marc:datafield>
   </record>