
  
  
  
  
  
  
  
  
  
  
  
  
  
  
 
  
  <record xsi:schemaLocation="http://www.loc.gov/MARC21/slim http://www.loc.gov/standards/marcxml/schema/MARC21slim.xsd">
      <leader>00000cam a22      a 4500</leader>
      <controlfield tag="FMT">BK</controlfield>
      <controlfield tag="LDR">00000cam a22      a 4500</controlfield>
      <controlfield tag="001">006015926</controlfield>
      <controlfield tag="005">20180305145452.0</controlfield>
      <controlfield tag="008">180227s1988    gw fh    b    000 0bger</controlfield>
      <datafield tag="010" ind1=" " ind2=" ">
         <subfield code="a">   88187932</subfield>
      </datafield>
      <datafield tag="020" ind1=" " ind2=" ">
         <subfield code="a">3531099248</subfield>
      </datafield>
      <datafield tag="020" ind1=" " ind2=" ">
         <subfield code="a">9783531099248</subfield>
      </datafield>
      <datafield tag="035" ind1=" " ind2=" ">
         <subfield code="a">(OCoLC)22210401</subfield>
      </datafield>
      <datafield tag="040" ind1=" " ind2=" ">
         <subfield code="a">DLC</subfield>
         <subfield code="b">eng</subfield>
         <subfield code="c">DLC</subfield>
         <subfield code="d">OCL</subfield>
         <subfield code="d">LVB</subfield>
         <subfield code="d">OCLCG</subfield>
         <subfield code="d">UBY</subfield>
         <subfield code="d">OCLCA</subfield>
         <subfield code="d">OCLCQ</subfield>
         <subfield code="d">OCLCF</subfield>
         <subfield code="d">UEJ</subfield>
         <subfield code="d">OCLCQ</subfield>
      </datafield>
      <datafield tag="041" ind1="1" ind2=" ">
         <subfield code="a">ger</subfield>
         <subfield code="a">grc</subfield>
         <subfield code="h">grc</subfield>
      </datafield>
      <datafield tag="050" ind1="0" ind2="0">
         <subfield code="a">PJ1014</subfield>
         <subfield code="b">.P3 vol. 14</subfield>
      </datafield>
      <datafield tag="130" ind1="0" ind2=" ">
         <subfield code="a">Cologne Mani codex.</subfield>
         <subfield code="l">German &amp; Greek.</subfield>
      </datafield>
      <datafield tag="245" ind1="1" ind2="4">
         <subfield code="a">Der Kölner Mani-Kodex :</subfield>
         <subfield code="b">über das Werden seines Leibes /</subfield>
         <subfield code="c">aufgrund der von A. Henrichs und L. Koenen besorgten Erstedition herausgegeben und übersetzt von Ludwig Koenen und Cornelia Römer ; [in Zusammenarbeit mit der Arbeitsstelle für Papyrusforschung im Institut für Altertumskunde der Universität zu Köln].</subfield>
      </datafield>
      <datafield tag="250" ind1=" " ind2=" ">
         <subfield code="a">Kritische ed.</subfield>
      </datafield>
      <datafield tag="260" ind1=" " ind2=" ">
         <subfield code="a">Opladen :</subfield>
         <subfield code="b">Westdeutscher Verlag,</subfield>
         <subfield code="c">©1988.</subfield>
      </datafield>
      <datafield tag="300" ind1=" " ind2=" ">
         <subfield code="a">xxxii, 119 pages, [2] pages of plates :</subfield>
         <subfield code="b">facsimiles ;</subfield>
         <subfield code="c">24 cm.</subfield>
      </datafield>
      <datafield tag="336" ind1=" " ind2=" ">
         <subfield code="a">text</subfield>
         <subfield code="b">txt</subfield>
         <subfield code="2">rdacontent</subfield>
      </datafield>
      <datafield tag="337" ind1=" " ind2=" ">
         <subfield code="a">unmediated</subfield>
         <subfield code="b">n</subfield>
         <subfield code="2">rdamedia</subfield>
      </datafield>
      <datafield tag="338" ind1=" " ind2=" ">
         <subfield code="a">volume</subfield>
         <subfield code="b">nc</subfield>
         <subfield code="2">rdacarrier</subfield>
      </datafield>
      <datafield tag="490" ind1="1" ind2=" ">
         <subfield code="a">Abhandlungen der Rheinisch-Westfälischen Akademie der Wissenschaften. Sonderreihe Papyrologica Coloniensia,</subfield>
         <subfield code="x">0078-9410 ;</subfield>
         <subfield code="v">v. 14</subfield>
      </datafield>
      <datafield tag="546" ind1=" " ind2=" ">
         <subfield code="a">German and Greek.</subfield>
      </datafield>
      <datafield tag="504" ind1=" " ind2=" ">
         <subfield code="a">Includes bibliographical references.</subfield>
      </datafield>
      <datafield tag="500" ind1=" " ind2=" ">
         <subfield code="a">ISAW copy is from the library of Robert A. Kraft.</subfield>
         <subfield code="5">NyNyUAW</subfield>
      </datafield>
      <datafield tag="600" ind1="0" ind2="0">
         <subfield code="a">Mani,</subfield>
         <subfield code="d">active 3rd century.</subfield>
      </datafield>
      <datafield tag="650" ind1=" " ind2="0">
         <subfield code="a">Manichaeans</subfield>
         <subfield code="v">Biography.</subfield>
      </datafield>
      <datafield tag="650" ind1=" " ind2="0">
         <subfield code="a">Manichaeism</subfield>
         <subfield code="v">Early works to 1800.</subfield>
      </datafield>
      <datafield tag="651" ind1=" " ind2="7">
         <subfield code="a">Lykopolis/Siout.</subfield>
         <subfield code="2">pleiades</subfield>
         <subfield code="0">https://pleiades.stoa.org/places/756593</subfield>
         <subfield code="5">NyNyUAW</subfield>
      </datafield>
      <datafield tag="600" ind1="0" ind2="7">
         <subfield code="a">Mani,</subfield>
         <subfield code="d">active 3rd century.</subfield>
         <subfield code="2">fast</subfield>
         <subfield code="0">(OCoLC)fst01832638</subfield>
      </datafield>
      <datafield tag="650" ind1=" " ind2="7">
         <subfield code="a">Manichaeans.</subfield>
         <subfield code="2">fast</subfield>
         <subfield code="0">(OCoLC)fst01739809</subfield>
      </datafield>
      <datafield tag="650" ind1=" " ind2="7">
         <subfield code="a">Manichaeism.</subfield>
         <subfield code="2">fast</subfield>
         <subfield code="0">(OCoLC)fst01007716</subfield>
      </datafield>
      <datafield tag="655" ind1=" " ind2="0">
         <subfield code="a">Manuscripts, Greek (Papyri)</subfield>
         <subfield code="v">Facsimiles.</subfield>
      </datafield>
      <datafield tag="655" ind1=" " ind2="7">
         <subfield code="a">Biography.</subfield>
         <subfield code="2">fast</subfield>
         <subfield code="0">(OCoLC)fst01423686</subfield>
      </datafield>
      <datafield tag="655" ind1=" " ind2="7">
         <subfield code="a">Early works.</subfield>
         <subfield code="2">fast</subfield>
         <subfield code="0">(OCoLC)fst01411636</subfield>
      </datafield>
      <datafield tag="700" ind1="0" ind2=" ">
         <subfield code="a">Mani,</subfield>
         <subfield code="d">active 3rd century.</subfield>
      </datafield>
      <datafield tag="700" ind1="1" ind2=" ">
         <subfield code="a">Koenen, Ludwig.</subfield>
      </datafield>
      <datafield tag="700" ind1="1" ind2=" ">
         <subfield code="a">Römer, Cornelia.</subfield>
      </datafield>
      <datafield tag="700" ind1="1" ind2=" ">
         <subfield code="a">Kraft, Robert A.,</subfield>
         <subfield code="e">former owner.</subfield>
         <subfield code="5">NyNyUAW</subfield>
      </datafield>
      <datafield tag="710" ind1="2" ind2=" ">
         <subfield code="a">Universität zu Köln.</subfield>
         <subfield code="b">Arbeitsstelle für Papyrusforschung.</subfield>
      </datafield>
      <datafield tag="830" ind1=" " ind2="0">
         <subfield code="a">Abhandlungen der Rheinisch-Westfälischen Akademie der Wissenschaften.</subfield>
         <subfield code="p">Sonderreihe Papyrologica Coloniensia ;</subfield>
         <subfield code="v">v. 14.</subfield>
      </datafield>
      <datafield tag="OWN" ind1=" " ind2=" ">
         <subfield code="a">GENERAL</subfield>
      </datafield>
      <datafield tag="AVA" ind1=" " ind2=" ">
         <subfield code="a">NYU50</subfield>
         <subfield code="b">NISAW</subfield>
         <subfield code="c">Small Collection</subfield>
         <subfield code="d">PJ1014 .P3 vol. 14 1988 Non-circulating</subfield>
         <subfield code="e">available</subfield>
         <subfield code="t">Available</subfield>
         <subfield code="f">1</subfield>
         <subfield code="g">0</subfield>
         <subfield code="h">N</subfield>
         <subfield code="i">0</subfield>
         <subfield code="j">SMALL</subfield>
         <subfield code="k">0</subfield>
      </datafield>
      <marc:datafield tag="852" ind1=" " ind2=" ">
         <marc:subfield code="b">Institute for the Study of the Ancient World, </marc:subfield>
         <marc:subfield code="c">Small Collection</marc:subfield>
         <marc:subfield code="e">15 East 84th St., </marc:subfield>
         <marc:subfield code="e">New York, NY  10028</marc:subfield>
      </marc:datafield>
   </record>